3314 5274
655 367 872 434 ..53-

130 567 287 628 61616166
313 561 436 640 eddam,
459 583 539 646 quae
562 565 594 626 et
618 561 788 647 plurimum
804 560 1002 626 auctoritatis
1017 559 1134 626 habere
1150 565 1183 624 at
1204 582 1269 626 non
1286 560 1368 626 male

133 669 176 731 ad
200 691 342 732 sensum
367 667 520 751 quadrare
543 667 687 732 videatur
714 671 747 732 et
770 689 789 731 a
811 667 940 732 Halmio
963 673 995 732 et
1018 689 1038 730 a
1060 665 1192 732 Jacobio
1215 666 1366 732 defenda-

132 778 199 840 tur.
230 773 270 838 Si
289 775 417 838 Tacitus
434 811 466 821 —
483 778 520 838 ut
534 775 574 839 de
594 774 744 838 insolenti
759 775 993 840 constructione
1008 774 1175 840 verborum
1198 773 1307 838 sileam
1326 809 1363 818 -

134 881 290 959 dixisset,
325 880 490 946 Moschum
525 880 620 944 irrisae
653 881 848 944 inmutatum
883 881 922 944 od
949 880 1176 946 observandam
1205 879 1365 944 honestio-

133 1010 211 1050 rum
242 987 357 1066 fidem,
393 991 476 1052 certe
511 987 630 1071 aliquid
661 987 700 1050 de
723 985 854 1052 Moscho
885 991 979 1052 antea
1009 989 1287 1052 commemoratum
1311 989 1367 1049 aut

136 1093 367 1178 explicationis
390 1115 483 1158 causa
506 1094 649 1158 additum
672 1115 741 1158 esse
763 1100 1028 1178 exspectaremus,
1061 1113 1194 1176 quorum
1217 1096 1366 1156 neutrum

137 1201 350 1264 factumest.
390 1198 447 1264 Sin
479 1202 585 1264 autem
617 1205 649 1263 et
665 1200 781 1279 malam
805 1199 944 1264 codicum
967 1199 1077 1278 fidem,
1109 1201 1142 1262 et
1164 1198 1256 1276 locos,
1285 1220 1363 1281 quos

137 1329 240 1391 supra
267 1331 297 1391 p.
319 1307 360 1370 47
385 1309 532 1390 atquem
554 1306 647 1372 modo
670 1306 797 1391 protuli,
827 1306 1074 1384 consideramus,
1103 1305 1365 1390 acquiescendum

136 1436 206 1478 esse
233 1412 420 1478 crediderim
443 1413 475 1476 in
500 1413 718 1478 emendatione
741 1411 865 1490 Mureti,
890 1435 985 1496 quem
1008 1411 1105 1476 etiam
1127 1410 1270 1478 Ritterus
1294 1432 1364 1494 pro-

137 1521 244 1598 bavit,
269 1523 306 1583 61
326 1519 413 1582 uncis
435 1518 615 1584 includatur
639 1519 823 1584 vocabulum
846 1520 1037 1586 6616616161.
1061 1518 1130 1594 Qua
1152 1517 1271 1582 ratione
1294 1539 1363 1581 cor-

139 1627 273 1710 ruptela
296 1617 405 1688 exorta
429 1625 481 1702 sit,
505 1629 647 1688 nostrum
669 1646 733 1714 non
757 1629 813 1704 est,
838 1629 874 1689 ut
896 1646 1092 1708 quaeramus.
1120 1661 1159 1670 —

234 1755 265 1833 β.
290 1748 483 1832 Praepositio
498 1749 639 1831 sequitur
654 1755 725 1833 post
739 1744 904 1818 6111661116
920 1753 953 1813 61
966 1743 1159 1830 participia:
1183 1744 1284 1830 aptus
1301 1744 1360 1811 ad:

142 1859 175 1922 in
200 1857 243 1924 D.
269 1858 321 1935 30,
347 1857 388 1919 29
411 1857 455 1921 od
475 1857 729 1937 persuadendum
752 1863 824 1938 apte
850 1858 969 1934 dicere·
1000 1855 1040 1922 H.
1064 1854 1123 1933 IH,
1148 1855 1199 1933 41,
1224 1857 1243 1918 2
1267 1875 1362 1937 usque

142 1968 185 2030 od
206 1963 384 2045 fallendum
407 1968 499 2043 aptus
520 1983 666 2028 uumerus
688 1963 841 2045 nequead
859 1961 1095 2044 penetrandum.
1121 1957 1362 2026 accomodatus

145 2067 187 2133 ad
210 2071 245 2133 in
268 2069 307 2134 Α.
331 2069 372 2147 ΙΙ,
398 2070 450 2146 66,
483 2071 502 2134 9
526 2070 569 2133 ad
588 2069 772 2150 fallendum.
800 2103 834 2114 -
863 2063 1027 2132 inhabilis
1052 2064 1111 2130 ad:
1135 2067 1169 2130 in
1193 2064 1234 2133 H.
1258 2066 1284 2145 Ι,
1309 2068 1360 2145 79,

147 2179 185 2241 17
220 2178 263 2242 ud
288 2177 530 2259 resurpmdmm
560 2175 602 2255 ΙΙ,
628 2177 679 2254 87,
711 2176 729 2238 7
761 2176 804 2241 ud
832 2177 1022 2258 parendum.
1048 2211 1088 2220 —-
1112 2172 1238 2255 potens
1262 2171 1305 2238 ad
1327 2174 1361 2237 in

147 2283 205 2367 Ag.
223 2283 251 2360 7,
277 2283 316 2345 15
340 2282 384 2347 od
405 2283 611 2348 cohibendum.
625 2319 664 2328 -

232 2429 259 2486 γ.
284 2405 480 2490 Praepositio
503 2407 643 2490 sequitur
665 2412 737 2490 post
760 2403 998 2476 substantiva:
1024 2401 1174 2488 spatium
1197 2402 1241 2468 all
1261 2405 1296 2468 in
1319 2404 1359 2472 A.

154 2512 192 2589 V,
215 2514 243 2590 1,
267 2513 285 2576 8
308 2514 351 2577 od
373 2514 559 2579 enitendum.
586 2548 623 2558 -
643 2509 803 2597 materia,
828 2509 995 2577 materies
1020 2509 1110 2595 ad:¹)
1134 2512 1165 2574 in
1191 2511 1229 2575 D.
1248 2512 1299 2588 37,
1317 2511 1359 2574 30

158 2617 195 2680 ud
217 2619 389 2697 66666616
424 2618 464 2686 H.
488 2618 513 2696 Ι,
549 2619 600 2697 51,
637 2620 678 2682 27
702 2620 744 2684 ad
774 2620 957 2702 fiupeudum
979 2615 1231 2701 credendumque.
1264 2613 1358 2680 vires

157 2719 194 2786 ud
215 2724 245 2788 in
265 2723 305 2792 H.
330 2724 387 2803 lV,
413 2725 464 2803 56,
497 2727 536 2790 10
564 2727 606 2790 ad
628 2726 832 2791 6661666666.
879 2719 978 2789 nisus
1011 2722 1054 2789 ad
1089 2725 1122 2789 in
1144 2724 1186 2792 A.
1210 2723 1269 2802 ΙΙΙ,
1305 2723 1357 2805 46,

156 2831 189 2893 16
208 2831 248 2894 ud
268 2832 502 2915 reserpentem.
527 2827 614 2896 fides
639 2829 681 2896 ad
703 2832 736 2896 in
760 2833 801 2900 H.
825 2831 866 2910 Π,
884 2833 914 2912 8,
938 2833 957 2896 6
981 2833 1025 2896 od
1043 2831 1227 2912 [6116611616.
1252 2824 1357 2894 silen-

151 2932 232 2999 tium
256 2933 298 3000 ad
321 2937 354 3002 in
370 2937 410 3002 H.
436 2937 474 3015 V,
508 2939 560 3018 22,
595 2939 730 3022 surque
752 2939 794 3004 ad
822 2939 997 3020 fallendum
1018 2939 1154 3016 silentio,
1185 2941 1233 3003 116
1255 2944 1358 3019 coepto

148 3045 290 3108 coede-
307 3050 415 3108 caueto
430 3045 613 3112 clamoribus
636 3047 769 3126 ruissent,
795 3047 848 3110 ubi
871 3048 915 3112 ad
934 3045 1107 3126 fallendum
1127 3045 1249 3110 1111616)
1268 3045 1374 3127 quasi

148 3171 240 3212 uuam
268 3149 429 3214 notionem
452 3149 580 3214 efficiat:
605 3151 711 3215 doloso
733 3152 868 3229 silentio,
891 3154 924 3214 61
946 3151 1090 3215 verbum:
1120 3151 1361 3236 6166663661,-

150 3256 196 3318 vel
218 3256 316 3320 simile
339 3257 414 3340 quid
438 3257 648 3341 supplendum
671 3258 722 3322 sit.
751 3295 786 3304 -
812 3253 962 3321 libertas
986 3252 1029 3318 611
1049 3257 1080 3321 in
1106 3256 1146 3325 A.
1170 3257 1229 3336 HI,
1254 3259 1305 3336 51,
1338 3260 1353 3322 l

149 3362 270 3428 libertos
303 3365 346 3428 ud
379 3365 603 3446 paenitendum
637 3370 713 3430 erut.
750 3364 802 3442 (cf.
836 3363 956 3428 Handii
979 3363 1123 3448 exempla
1152 3364 1185 3428 in
1217 3364 1305 3429 Ture.
1329 3364 1355 3444 l,

148 3491 177 3552 p.
202 3468 285 3552 116.)
313 3506 348 3516 -

231 3615 255 3658 c.
280 3593 424 3677 Denique
442 3597 546 3657 autem
563 3594 640 3658 ‹ad›
659 3595 862 3680 coniungitur
877 3617 948 3658 cum
963 3588 1148 3674 gerundivo
1166 3589 1353 3674 verborum,

149 3699 184 3762 ad
206 3721 282 3782 quae
305 3700 461 3764 obiectum
478 3700 614 3776 accedit3
638 3701 735 3764 etiam
751 3701 836 3766 huno
852 3723 944 3765 usum
960 3723 999 3764 ex
1014 3700 1107 3764 locali
1123 3699 1353 3785 significatione

149 3806 382 3890 praepositionis
406 3809 548 3871 exortum
572 3828 639 3871 esse
662 3809 814 3892 exempla,
837 3807 871 3872 in
895 3807 1008 3891 quibus
1023 3807 1214 3892 praepositio
1230 3829 1268 3872 ex
1283 3829 1353 3872 ver-

147 3911 191 3974 bis
213 3913 355 3978 movendi
387 3915 519 3999 pendet,
554 3913 788 3992 demonstrant,
823 3915 869 3978 ita
892 3918 1014 3994 tamen,
1047 3918 1084 3979 ut
1108 3915 1145 3978 do
1167 3912 1270 3998 prima
1293 3913 1353 3980 hac

147 4018 367 4102 significatione
391 4043 455 4084 non
478 4020 542 4084 iam
565 4021 732 4106 cogitetur.
755 4020 794 4085 In
817 4023 927 4087 ceteris
952 4043 1076 4105 quoque
1099 4019 1248 4104 exemplis
1271 4021 1352 4085 fina-

146 4124 181 4186 lis
203 4125 254 4189 illa
278 4127 322 4189 vis
348 4126 587 4210 praepositionis
615 4149 652 4190 ex
675 4128 768 4192 locali
799 4128 953 4213 originem
975 4126 1074 4191 trahit
1097 4129 1129 4191 61
1150 4126 1185 4190 in
1207 4127 1352 4192 omnibus

148 4233 377 4317 praepositione,
401 4254 482 4316 quae
501 4232 547 4296 ita
563 4237 742 4319 usurpatur,
766 4235 892 4299 dativus
907 4234 1061 4299 commodi
1078 4233 1350 4299 circumscribitur.

147 4340 210 4415 Qua
232 4344 266 4408 de
290 4363 384 4404 causa
406 4340 549 4423 exempla
572 4340 634 4418 illa,
659 4341 713 4405 ubi
735 4363 769 4405 re
790 4365 863 4408 vera
879 4342 1003 4408 dativus
1018 4341 1209 4427 gerundivae
1231 4341 1350 4405 formae

227 4624 245 4694 ¹)
263 4626 297 4681 ue
316 4627 454 4696 scriptura
473 4629 604 4683 vaauen
623 4647 649 4684 v.
668 4627 773 4683 6616.
791 4629 821 4684 ra
839 4629 914 4685 116.
931 4630 1017 4684 xxv.
1035 4649 1063 4700 p.
1084 4611 1142 4685 for.
