3314 5274
691 345 821 408 -34
870 381 907 390 ...

188 536 243 601 ille
266 538 449 621 prominens
472 538 513 602 ab
536 543 670 622 utraque
695 543 783 622 parte
807 540 888 604 adiri
912 541 1121 624 adscendique
1145 548 1259 627 potest,
1284 568 1346 628 quo
1361 546 1408 625 fit,

73 633 78 643 Χ
188 648 234 722 nt,
258 644 286 708 si
307 643 346 708 de
369 646 513 728 tempore
528 665 629 708 sermo
645 648 702 724 est,
728 650 759 710 et
775 647 814 711 de
829 650 973 730 tempore
989 651 1063 712 ante
1081 652 1113 712 et
1128 649 1167 712 de
1182 653 1324 735 tempore
1339 657 1411 736 post

188 751 315 816 finitum
348 752 429 816 illud
462 755 590 836 tempus
622 753 816 837 praepositio
847 759 994 840 ponatur.
1024 754 1137 838 Itaque
1164 758 1241 822 <snb
1268 779 1410 843 pugnam

189 857 405 922 Cannensem»
431 858 611 942 significare
635 863 750 944 potest:
779 860 874 944 paulo
898 864 972 924 ante
995 865 1028 925 et
1050 863 1146 946 paulo
1169 867 1243 947 post
1259 885 1410 949 pugnam,

188 987 263 1030 narn
287 965 313 1029 si
336 964 398 1029 hoe
420 965 617 1050 exprimitur,
642 968 857 1034 narrationem
880 968 1075 1054 intempore
1092 973 1165 1053 post
1187 993 1327 1056 pugnam
1343 994 1412 1034 ver-

188 1073 261 1151 sari,
284 1072 311 1135 si
334 1072 423 1150 illud,
448 1074 566 1137 versari
589 1057 664 1138 ante
687 1097 829 1160 pugnam
853 1075 1022 1159 cogitatur.
1049 1075 1095 1139 Ac
1111 1077 1233 1141 duobus
1256 1078 1333 1142 locis
1351 1077 1412 1142 Ta-

188 1177 270 1243 citus
293 1178 378 1243 hunc
408 1199 500 1244 usum
533 1179 592 1244 sibi
616 1181 809 1246 vindicavit:
843 1181 878 1245 in
901 1181 941 1249 A.
965 1179 1023 1246 IV.
1048 1183 1105 1262 63,
1141 1184 1414 1250 ascenaentem

188 1286 309 1352 cludam
327 1291 460 1368 patuere
476 1307 647 1369 44444444
669 1288 798 1370 doceam
828 1287 898 1366 XV,
923 1289 976 1367 23,
1003 1290 1043 1354 15
1065 1296 1177 1354 senatu
1199 1289 1335 1355 Antium
1356 1291 1415 1356 sab

187 1399 338 1459 recentem
354 1397 487 1476 portum
505 1395 610 1476 effuso,
635 1417 769 1478 quorum
792 1398 926 1478 unoque
949 1395 984 1458 in
1001 1395 1144 1479 exemplo
1167 1401 1298 1482 propter
1320 1379 1413 1462 voca-

187 1500 299 1564 bulum
325 1503 519 1578 ‹recentema
554 1501 712 1566 dubitatio
743 1501 898 1566 exsistere
930 1501 1052 1585 nequit,
1084 1504 1241 1585 quomodo
1276 1525 1413 1588 praepo-

188 1607 337 1672 sitionem
359 1607 616 1700 interpretemur.
649 1607 709 1673 Sed
733 1613 804 1693 post
827 1609 912 1673 hanc
935 1608 1162 1693 digressionem
1185 1611 1413 1675 transeundum

189 1717 238 1778 est
260 1714 300 1778 ad
324 1735 396 1778 eum
418 1735 521 1794 usum,
546 1713 592 1780 si:

370 1911 402 1988 b.
431 1909 524 2007 ,441Ι
545 1911 586 1988 de
612 1912 839 2010 perveniendo
868 1873 910 1988 ad
937 1921 1073 2010 tempus
1102 1913 1235 1990 dicitur.

277 2087 344 2153 Nos
367 2088 552 2174 plerumque
575 2089 729 2153 vertimus
752 2111 808 2174 per
835 2090 903 2154 «bis
927 2111 997 2168 zu.»
1028 2094 1060 2154 et
1085 2091 1155 2175 ipse
1180 2091 1309 2155 Tacitus
1333 2113 1413 2156 non-

189 2217 362 2279 numquam
378 2217 515 2280 «usque»
531 2195 663 2259 addidit.
689 2197 796 2279 Atque
808 2196 842 2258 in
854 2196 905 2259 his
918 2197 1056 2280 primum
1070 2196 1107 2260 de
1121 2218 1157 2259 eo
1169 2220 1228 2260 usn
1243 2198 1414 2278 videamus,

279 2304 307 2366 1.
333 2323 406 2366 cum
432 2303 510 2366 «ad»
538 2324 576 2366 ex
599 2299 728 2388 verbio,
752 2302 866 2386 quibus
889 2302 967 2387 ipsis
990 2303 1141 2387 temporis
1166 2303 1255 2367 notio
1276 2305 1415 2389 plerum·

191 2431 252 2492 que
272 2409 337 2472 iam
353 2409 445 2486 inest,
470 2407 655 2492 pendeat:¹)
679 2405 795 2473 venire
817 2405 874 2472 ad:
896 2410 930 2472 in
955 2409 1015 2494 Ag.
1040 2413 1069 2491 3,
1096 2411 1135 2474 15
1160 2412 1272 2491 quibus
1295 2412 1415 2496 (annis)

189 2519 316 2583 iuvenes
339 2517 382 2582 ad
403 2522 594 2597 senectutem,
618 2537 705 2582 seces
715 2539 815 2600 prope
831 2518 874 2581 aa
889 2519 974 2598 ipsos
996 2523 1121 2584 esaeiae
1136 2523 1248 2583 calmis
1269 2521 1415 2585 terminos

193 2660 233 2670 -
248 2625 396 2690 venimus.
410 2615 607 2706 'pervenire
624 2621 682 2695 ad:
707 2625 741 2688 in
760 2625 799 2692 A.
816 2624 874 2702 ΠΙ,
900 2626 952 2704 55,
971 2626 1011 2690 14
1029 2627 1233 2706 pecuniosum
1255 2627 1299 2690 od
1313 2646 1413 2691 senec·
1487 2625 1490 2632 “

190 2737 265 2796 tam.
289 2729 477 2812 procedere
497 2727 553 2796 ad:
578 2731 612 2794 in
630 2730 671 2798 A.
684 2731 740 2810 Vl,
763 2733 813 2810 16,
834 2733 855 2795 4
872 2736 960 2797 cetos
977 2732 1020 2796 cd
1039 2734 1277 2817 ociopeasimum
1296 2752 1414 2797 444444

187 2839 339 2922 processit
346 2889 354 2919 ,
385 2839 500 2921 quibus
524 2837 671 2902 omnibus
694 2861 714 2902 a
736 2837 829 2902 locali
852 2837 1086 2922 significatione
1110 2841 1149 2903 ad
1173 2847 1298 2924 tempus
1322 2860 1413 2922 prae-

191 2945 382 3029 positionem
397 2945 587 3008 translatam
604 2966 671 3008 esse
687 2944 888 3030 perspicuum
905 2949 961 3008 est.
986 2940 1136 3019 detincre
1159 2942 1217 3016 ad:
1242 2949 1276 3009 in
1298 2943 1338 3010 A.
1355 2943 1412 3021 VI,

192 3053 245 3132 29,
270 3053 290 3117 9
314 3072 384 3118 cum
405 3073 437 3118 se
459 3052 652 3118 miserandis
675 3051 888 3116 4114444143-
911 3073 1025 3116 444444
1049 3054 1092 3118 cd
1115 3054 1197 3118 diem
1220 3054 1413 3118 detinuisset.

191 3155 369 3241 producere
392 3153 496 3222 vitam
519 3154 579 3228 ad:
608 3159 642 3221 in
666 3157 706 3222 A.
730 3157 789 3237 ΙΠ,
815 3160 867 3236 24,
894 3159 931 3222 ll
952 3159 1062 3240 plures
1084 3161 1128 3226 cd
1150 3181 1245 3225 curus
1269 3181 1306 3224 ex
1329 3181 1416 3222 more

193 3266 297 3332 Taciti
321 3267 458 3350 quodam
485 3267 579 3332 modo
602 3266 819 3350 inexspectata
842 3265 974 3342 dictum,
1008 3288 1079 3330 cum
1112 3271 1183 3350 post
1215 3267 1311 3331 verba
1339 3286 1415 3346 pro·

193 3372 303 3438 ducere
324 3374 423 3439 vitam
445 3373 597 3458 temporis
620 3372 783 3438 notionem
808 3371 1035 3451 desideremus,
1072 3372 1161 3436 cuius
1193 3373 1298 3438 locum
1324 3393 1417 3438 curce

194 3479 338 3564 explent,
362 3479 383 3546 i.
408 3502 435 3546 e.
458 3479 539 3544 mihi
561 3479 595 3543 in
612 3480 776 3544 scribendo
792 3477 965 3565 proposita.
978 3471 1042 3564 (cf.
1060 3477 1242 3564 Nipperdei.
1267 3479 1307 3546 ad
1329 3476 1415 3544 Ann.
1448 3489 1451 3498 '

286 3745 305 3816 ¹)
324 3746 535 3817 Praepositione
552 3743 584 3798 in
601 3745 744 3800 raaeeime
762 3745 878 3801 Tacitus
895 3745 926 3799 in
944 3744 1146 3815 posterioribus
1165 3745 1287 3815 scriptis,
1305 3743 1417 3814 saepius

195 3835 226 3892 in
244 3837 399 3892 minoribus
416 3836 460 3891 ita
477 3836 619 3900 utebatur,
647 3835 721 3904 quod
741 3835 872 3905 exempla
890 3834 1098 3890 demonstrant:
1126 3834 1156 3888 in
1175 3835 1207 3887 D.
1228 3835 1270 3898 17,
1298 3834 1314 3888 6
1338 3833 1419 3889 CXX

196 3928 265 3982 anai
285 3926 451 3980 4614144144
471 3924 607 3980 Oiecrouis
624 3925 656 3978 ia
673 3925 746 3980 tuac
770 3925 841 3979 diem
859 3924 1039 3992 coliipantar,
1068 3924 1223 3993 eademque
1241 3924 1328 3979 verba
1346 3923 1376 3977 in
1395 3940 1418 3977 e.

197 4016 244 4080 24,
273 4016 318 4080 15,
345 4015 396 4069 ubi
417 4031 468 4085 pro
493 4015 579 4069 verbo
601 4014 781 4084 coiiipantur:
807 4014 879 4082 effici
896 4015 1019 4082 positum
1040 4015 1095 4082 est3
1122 4013 1175 4083 Ag.
1194 4014 1238 4078 20,
1267 4014 1370 4083 tiques
1387 4015 1419 4067 ia

195 4105 273 4159 iilam
290 4103 361 4159 dian
379 4121 412 4159 es
430 4121 515 4174 aequo
533 4109 657 4174 epercut3
684 4104 727 4168 30,
754 4103 788 4157 13
805 4103 837 4156 ia
854 4103 927 4157 tanc
944 4103 1016 4158 diem
1035 4103 1168 4172 defendit3
1192 4103 1240 4168 44,
1266 4101 1299 4155 14
1318 4104 1420 4157 durare

144 4229 146 4240 .
196 4195 228 4249 ia
245 4190 317 4248 tuae
334 4193 482 4249 beatissimi
500 4193 599 4250 344411
617 4193 715 4261 14444,
732 4192 765 4246 G.
786 4191 827 4256 14,
847 4193 863 4246 3
881 4192 985 4261 infame
1001 4192 1033 4246 iu
1049 4208 1152 4247 omnem
1168 4191 1252 4247 44144
1265 4207 1299 4246 ce
1306 4192 1433 4260 probro,

196 4300 257 4338 sam
275 4289 328 4351 esa·
346 4283 390 4348 22,
410 4283 423 4336 1
444 4299 545 4350 somno,
564 4300 640 4353 quan
653 4283 810 4353 pierumque
827 4281 860 4336 ia
878 4282 950 4337 diem
968 4282 1128 4349 extraham
1146 4281 1190 4348 45,
1208 4282 1225 4334 3
1243 4281 1310 4334 sctis
1326 4280 1420 4350 saipor

197 4373 228 4427 in
245 4376 334 4427 44144
351 4372 461 4441 414441,
480 4371 514 4425 Η.
524 4372 546 4442 Ι,
558 4374 627 4438 77,5
645 4371 739 4428 constet
751 4401 781 4409 —
791 4371 822 4426 in
840 4371 972 4426 kelandas
986 4371 1110 4426 Martios
1127 4372 1193 4439 ipse,
1212 4369 1263 4424 ubi
1276 4387 1302 4424 v.
1316 4369 1419 4425 Hercei

198 4462 276 4527 adn.;
304 4459 354 4530 ΠΙ,
382 4462 411 4526 2,
437 4462 470 4514 14
488 4460 503 4492 *
521 4466 550 4518 ct
567 4461 603 4527 Π,
632 4461 674 4527 32,
703 4462 737 4514 14
755 4465 872 4516 tractam
889 4461 921 4515 ia
938 4460 1188 4527 moissacensem
1215 4457 1248 4513 A.
1267 4459 1303 4524 Π,
1332 4461 1375 4528 65,
1403 4459 1420 4514 9

197 4551 386 4622 1444444414
403 4553 516 4607 441144
533 4557 649 4619 noctem·
675 4551 750 4616 ΧΠΙ,
770 4550 794 4611 9.
821 4549 857 4603 20
875 4566 943 4620 qaue
959 4549 992 4603 ia
1009 4549 1079 4604 aiios
1097 4549 1217 4605 consoles
1234 4565 1341 4620 eprecso
1359 4565 1420 4605 coa·

198 4641 289 4697 iunci.
309 4670 343 4680 —
362 4641 403 4696 De
421 4639 571 4712 temporali
589 4639 640 4696 illo
658 4657 743 4710 usqam
759 4641 792 4695 ia
809 4657 837 4697 v.
858 4657 886 4709 p.
906 4639 950 4709 28,
968 4638 999 4694 in
1018 4639 1083 4696 adn.
1105 4640 1129 4694 1.
