3314 5274
641 376 978 466 ---51-¹

138 571 172 634 in
196 571 238 638 A.
263 571 359 653 XIII,
394 574 450 651 34,
486 573 526 639 17
551 573 646 638 dixit:
681 573 790 640 61166
811 574 917 657 mayie
939 575 982 638 66
1003 575 1179 652 66664666,
1203 571 1259 637 ubi
1283 571 1355 636 ‹id›

137 678 249 762 potius
272 679 438 746 dicendum
461 686 538 746 erat.
562 682 693 746 Aooedit
714 681 860 765 denique,
883 681 977 764 quod,
1001 681 1030 746 si
1042 679 1200 745 Wolfflini
1223 679 1358 764 seriptu-

137 807 208 848 rem
233 788 482 872 comprobamus,
506 787 665 852 sententia
688 787 787 852 multo
811 787 994 873 languidius
1019 789 1113 870 etque
1136 785 1282 871 frigidius
1305 807 1359 850 ex-

139 891 303 974 primitur,
321 892 513 978 minimeque
528 893 678 958 convenit
693 894 809 960 fervori
824 893 1104 976 vehementiaeque
1119 893 1245 972 doloris,
1263 913 1358 976 quem

138 998 171 1061 in
197 998 354 1064 similibus
377 999 469 1064 dietis
492 999 621 1064 Tacitus
644 1001 772 1086 prodere
795 1001 931 1066 solet-

230 1108 263 1187 β.
287 1105 430 1171 Eandem
445 1107 706 1192 significationem
728 1108 921 1193 praepositio
944 1108 1049 1185 hebet,
1061 1106 1101 1198 ⁸si
1116 1129 1155 1172 ex
1170 1099 1358 1172 6666666666

137 1207 409 1294 partieipiisquo
426 1213 557 1297 pendet:
580 1213 685 1278 natus
706 1211 798 1297 6661)
822 1213 855 1276 in
872 1213 911 1278 Ι).
930 1215 959 1291 5,
986 1215 1026 1276 13
1041 1219 1134 1279 natm
1156 1214 1199 1278 66
1222 1211 1358 1294 elnonen-

138 1321 218 1384 tiam
241 1319 365 1385 66666
387 1326 415 1385 et
436 1323 621 1402 oratoriam
644 1323 674 1400 6,
698 1321 719 1384 4
742 1320 1152 1403 montemmaranum
1176 1321 1226 1400 10,
1251 1321 1294 1383 24
1317 1321 1360 1385 66

133 1447 294 1511 6696666
325 1425 366 1491 H.
391 1425 447 1502 IV,
475 1427 528 1505 64,
563 1428 651 1491 966
674 1449 774 1493 arma.
822 1421 966 1506 genitus
989 1423 1032 1490 66
1064 1427 1099 1490 in
1121 1425 1160 1491 A.
1183 1425 1271 1508 XIII,
1308 1427 1359 1505 17,

141 1535 182 1598 18
196 1532 327 1616 familia
342 1553 497 1598 sommam
512 1534 555 1598 66
575 1535 744 1617 faotiyima
758 1534 871 1616 penita.
884 1569 918 1580 -
935 1527 1077 1596 ireneus
1101 1528 1143 1596 66
1164 1532 1199 1596 iu
1222 1532 1262 1598 A.
1287 1531 1358 1611 XII,

142 1643 195 1720 55,
222 1641 242 1704 8
265 1640 309 1704 ad
325 1661 476 1724 papnam.
504 1638 691 1720 oportunus
717 1635 805 1724 od:¹)
829 1640 864 1703 in
890 1639 930 1708 A.
951 1639 993 1717 ΙΙ,
1018 1642 1047 1719 5,
1078 1640 1115 1703 11
1141 1641 1358 1714 odiendium

141 1747 198 1827 IV,
227 1747 278 1826 51,
304 1747 342 1810 11
366 1767 429 1812 666
446 1783 486 1793 -
503 1745 579 1812 aliis
601 1749 645 1812 66
664 1747 865 1829 formidinem
887 1753 1048 1829 oponmu
1065 1781 1102 1793 -
1116 1742 1293 1811 instabilis
1317 1745 1360 1812 66

141 1855 175 1918 in
198 1853 240 1918 A.
264 1853 290 1931 Ι,
313 1853 367 1930 64,
391 1854 412 1917 4
434 1853 515 1918 loona
536 1853 655 1937 aiipine
670 1853 843 1934 profunda,
866 1853 948 1918 66666
970 1855 1014 1918 66
1036 1854 1172 1938 praciam
1193 1855 1358 1920 66616666.

142 1957 287 2040 perotus
310 1956 404 2040 6663)
426 1960 460 2023 iu
483 1959 521 2023 A.
546 1958 610 2038 III,
635 1960 692 2037 65,
719 1961 754 2023 11
772 1961 794 2042 †
812 1961 948 2025 homines
970 1961 1013 2025 66
1034 1961 1197 2025 seruatum
1212 1968 1360 2043 paratam

143 2066 185 2145 V,
208 2067 238 2145 5,
263 2067 282 2130 6
306 2068 350 2132 od
370 2067 524 2132 616666.
550 2060 728 2131 exereitus
755 2063 799 2130 66
821 2067 856 2130 in
877 2067 916 2132 A.
934 2065 1021 2146 XIV,
1047 2068 1078 2146 2,
1103 2069 1143 2132 17
1160 2069 1296 2134 mereim
1317 2070 1361 2134 ad

144 2195 228 2239 omne
253 2174 413 2258 stapitinm
439 2175 554 2255 patrui
583 2173 723 2254 nuptiis;
753 2195 828 2238 nam
854 2175 1040 2239 ‹exercituo›
1066 2179 1111 2239 eet
1131 2176 1173 2253 is,
1197 2177 1252 2258 qni
1272 2174 1361 2258 76696

145 2301 202 2345 mn
222 2270 357 2345 alienius
379 2282 426 2344 rei
446 2279 621 2361 sanitatem
645 2301 681 2346 aa
702 2282 854 2363 peritiam
875 2287 985 2346 66666
1006 2286 1063 2360 est,
1095 2284 1133 2344 ut
1154 2285 1239 2346 reete
1260 2281 1359 2346 inter-

147 2389 287 2470 pretetur
309 2386 511 2452 Bittioherus
534 2388 569 2450 in
591 2385 627 2452 L.
644 2386 679 2455 Τ.
704 2410 734 2472 p.
761 2388 834 2466 183,
857 2388 912 2451 ubi
937 2411 965 2452 v.
988 2388 1139 2472 exempla.
1163 2384 1293 2452 habilis
1317 2385 1360 2452 66

152 2493 184 2555 in
205 2493 241 2557 G.
264 2494 294 2573 6,
318 2494 340 2556 4
355 2493 447 2576 serra
462 2531 504 2542 -
520 2495 563 2558 66
584 2515 677 2558 neam
698 2493 805 2559 babiti.
830 2509 912 2558 ater
935 2491 979 2557 66
1002 2495 1035 2557 in
1059 2493 1098 2560 H.
1114 2494 1173 2572 ΙΠ,
1197 2495 1249 2573 50,
1274 2496 1293 2558 5
1317 2495 1360 2560 ad

156 2604 253 2662 mnota
273 2600 344 2666 betti
365 2602 475 2666 mania
497 2619 585 2665 aerea
607 2605 713 2679 6666,
742 2603 852 2664 eontra
878 2600 913 2662 in
939 2599 980 2667 H.
1004 2599 1060 2678 IV,
1095 2600 1122 2679 1,
1156 2600 1196 2664 16
1224 2600 1358 2684 legitur:

154 2707 334 2771 accendendo
356 2706 443 2772 oioiti
465 2705 540 2770 bello
563 2725 660 2772 aeres.
685 2703 793 2769 bouus
816 2701 859 2768 66
882 2705 915 2768 in
938 2705 976 2773 A.
1001 2704 1042 2783 ΙΙ,
1062 2705 1112 2784 14,
1137 2706 1157 2769 6
1180 2726 1305 2788 campos
1319 2743 1357 2752 -

151 2811 191 2875 66
207 2813 358 2893 proelium
380 2813 478 2880 bonos.
495 2849 529 2860 -
545 2813 584 2876 Iu
607 2812 645 2877 D.
664 2813 694 2892 5,
718 2813 757 2876 16
780 2813 827 2877 uei
850 2813 893 2878 66
915 2811 1080 2878 utilitatem
1096 2814 1360 2894 fimetnoetne

147 2917 190 2982 aet
209 2919 252 2984 66
272 2921 362 2985 orbis
382 2921 505 3002 famam
522 2921 746 3002 putamina
768 2919 815 2984 oei
843 2921 886 2986 66
914 2921 1006 2985 totins
1022 2921 1162 3002 rinrperii
1184 2927 1276 3003 arque
1296 2939 1360 2986 oni·
1484 2933 1487 2940 ’

145 3026 230 3089 niam
252 3027 391 3109 pontiam
412 3029 556 3092 notitiam
577 3028 806 3091 6666666666
828 3027 996 3109 excapitari
1012 3033 1128 3108 potest,
1160 3027 1215 3091 ubi
1237 3049 1361 3112 semper

146 3133 376 3216 praepositione
401 3132 496 3197 dativi
518 3132 604 3196 loeus
627 3133 781 3216 expletur.
806 3127 997 3196 moriemur
1014 3129 1057 3196 66
1080 3133 1114 3196 in
1129 3132 1170 3198 A.
1187 3132 1244 3212 III,
1269 3135 1360 3213 5,14

145 3239 187 3302 66
208 3240 388 3304 memoriam
405 3240 540 3304 virtutis.
565 3233 756 3318 dispositus
779 3234 822 3301 ad
844 3238 879 3301 in
901 3238 942 3302 H.
959 3237 1002 3318 Π,
1019 3239 1072 3318 22,
1095 3240 1115 3303 9
1138 3240 1302 3322 dispositos
1317 3242 1360 3306 66

145 3345 180 3408 id
201 3347 306 3428 ipram
328 3346 461 3412 molares
483 3381 525 3392 -
544 3345 738 3427 provolvant.
762 3339 941 3425 repositus
972 3342 1015 3409 66
1041 3344 1075 3408 in
1097 3343 1137 3412 D.
1162 3348 1219 3426 31,
1253 3348 1294 3411 21
1317 3349 1361 3413 art

147 3472 263 3518 omnem
284 3473 383 3517 nsum.
407 3489 445 3498 —
1054 3529 1056 3533 ,

232 3581 261 3641 γ.
285 3559 481 3644 Praepositio
503 3560 620 3644 pendet
642 3581 680 3624 ex
703 3553 949 3624 substantivis:
980 3555 1073 3623 16666
1102 3556 1144 3623 66
1166 3559 1200 3623 in
1223 3559 1262 3624 A.
1286 3559 1358 3643 XII,

149 3665 200 3743 33,
224 3667 244 3730 6
267 3667 310 3732 66
326 3667 492 3748 66666666.
547 3661 697 3747 spatium
725 3662 768 3730 66
791 3665 825 3728 in
848 3664 888 3730 A.
913 3663 985 3744 ΧΠ,
1010 3668 1062 3746 56,
1086 3667 1106 3730 8
1129 3668 1269 3750 epatium
1291 3689 1359 3734 am-

143 3770 256 3852 pieene
277 3772 321 3838 66
342 3774 406 3837 eim
427 3774 560 3856 remipii,
581 3774 822 3856 9656666666
844 3777 927 3837 artes
948 3778 976 3836 et
994 3773 1114 3854 praetio
1135 3773 1234 3840 66616.
1273 3773 1359 3839 tem·

148 3891 209 3957 pua
224 3875 286 3942 ad:
311 3878 345 3942 iu
360 3879 399 3944 A.
416 3878 473 3959 IV,
491 3879 544 3957 46,
569 3879 649 3946 266
670 3881 826 3962 internam
847 3878 1108 3960 consultationem
1131 3880 1168 3944 A.
1193 3879 1282 3960 XIII,
1308 3883 1358 3962 17,

150 3984 189 4046 10
211 3985 255 4049 66
276 3985 467 4066 comptonam
488 4005 635 4052 666666.
668 3980 741 4048 dies
760 3980 803 4047 66
825 3985 858 4048 in
875 3984 921 4050 H.
945 3984 1004 4064 ΠΙ,
1028 3987 1081 4066 60,
1107 3987 1123 4050 1
1148 3986 1190 4050 ad
1211 3989 1357 4070 6666666.

147 4089 271 4169 pontes
295 4089 338 4156 66
361 4092 394 4155 in
416 4092 455 4158 A.
481 4091 553 4173 XH,
585 4094 636 4172 57,
661 4093 681 4155 4
704 4094 879 4174 pedestrem
902 4091 944 4157 66
960 4113 1114 4176 paginam.
1155 4108 1238 4157 aura
1261 4090 1303 4157 66
1325 4095 1357 4158 in

147 4195 185 4260 A.
209 4197 234 4277 I,
259 4197 310 4276 81,
336 4198 354 4262 7
378 4219 470 4264 raam
492 4201 536 4265 66
557 4199 593 4264 id
611 4219 719 4264 66666
735 4197 896 4280 pollicitae
918 4203 970 4263 est.
990 4233 1029 4244 -
1052 4195 1245 4264 subsidium
1268 4197 1310 4264 66
1324 4201 1358 4266 in

148 4358 358 4369 ———.

237 4462 257 4532 ¹)
277 4463 316 4520 af.
335 4464 368 4518 A.
380 4464 454 4528 XVI,
473 4464 515 4528 35,
534 4463 551 4517 8
570 4467 586 4530 †
604 4464 636 4517 in
653 4479 685 4518 ea
703 4468 823 4532 tempora
843 4468 934 4519 natas.

236 4549 258 4621 ²)
277 4549 317 4607 Of.
330 4552 362 4606 A.
374 4552 422 4622 IV,
435 4553 478 4616 51,
493 4552 526 4605 10
543 4569 599 4607 aaa
617 4551 682 4606 atita
699 4553 730 4605 in
744 4551 891 4606 66666666
905 4581 936 4590 -
948 4559 1094 4624 oporam.

235 4639 256 4708 8)
275 4639 315 4695 cf.
334 4641 370 4696 de
387 4640 508 4708 peretur
526 4638 602 4711 inp.
622 4641 655 4695 47
675 4638 705 4693 in
723 4641 788 4695 edu.
807 4641 831 4695 5.
