3314 5274
680 359 896 424 *29-

178 574 309 616 manum
331 553 442 631 babet,
467 553 486 618 i.
511 575 536 618 o.
561 555 609 620 ita
631 555 745 634 habet,
770 560 807 620 ut
829 556 976 620 manibus
1008 557 1102 622 facile
1126 557 1267 643 adripere
1292 560 1402 644 possit,

178 659 266 722 saei
290 660 323 722 in
347 665 496 745 promptu
520 666 606 726 sunt.
652 661 691 726 In
714 662 774 726 hoc
796 662 896 748 igitur
923 664 1089 730 enuntiato
1113 687 1203 729 usum
1237 655 1401 749 praeposi-

177 765 274 830 tionis
297 766 364 830 inre
389 767 428 830 ad
452 767 482 830 id
507 787 607 852 genus
630 768 746 832 referre
770 790 951 853 possumus,
983 791 1046 853 quo
1085 771 1161 835 «ad»
1193 794 1248 850 pro
1276 774 1398 856 «apud»

178 875 358 955 usurpatur.
406 870 586 938 Vernacula
609 874 721 958 lingua
743 875 876 939 eundem
905 898 996 939 usum
1026 877 1154 941 exhibet
1185 877 1218 940 in
1251 878 1401 944 formula:

179 1000 220 1040 an
244 976 299 1040 der
321 977 417 1042 Hand
440 979 555 1044 haben.
602 978 677 1044 Alia
700 978 794 1044 huius
819 981 903 1046 vocis
928 983 1072 1067 exempla
1096 984 1234 1047 contulit
1257 983 1402 1048 Handius

178 1083 210 1146 in
236 1083 325 1148 Tura.
350 1083 375 1163 Ι,
401 1105 430 1168 p.
455 1087 507 1154 91.

319 1305 346 1356 o.
375 1279 469 1374 „Ad‘
498 1303 559 1379 pro
587 1281 835 1379 praepositione
863 1284 994 1381 „apud“
1024 1283 1258 1360 substituitur.

269 1455 320 1534 Iis,
345 1479 425 1562 iprae
449 1457 542 1522 modo
565 1459 771 1523 tractavimus
795 1461 945 1543 exemplis
969 1461 1033 1524 iarn
1056 1460 1231 1526 indicatum
1255 1466 1313 1540 est,
1338 1487 1402 1546 qua

180 1563 303 1630 ratione
336 1563 374 1626 ad
405 1562 490 1628 hunc
521 1587 630 1644 usum,
663 1569 699 1628 ut
733 1565 810 1628 «ad»
844 1565 886 1629 sit
907 1588 965 1650 pro
993 1566 1114 1650 «apud»
1142 1573 1328 1651 perventum
1351 1571 1400 1634 sit.

180 1668 264 1732 Nam
287 1670 384 1733 etiam
406 1669 466 1738 hac
488 1671 521 1736 iu
545 1692 578 1735 re
602 1670 815 1755 incipiendum
838 1677 886 1734 est
910 1672 1047 1756 aprima
1062 1672 1302 1757 significatione,
1321 1687 1402 1760 quae

180 1778 228 1838 est
250 1775 441 1855 directionis,
466 1775 516 1840 cui
540 1777 689 1842 miscetur
712 1779 859 1856 secunda,-
885 1782 920 1842 ut
943 1778 1130 1845 habeamus:
1154 1781 1340 1863 pervenitur
1363 1785 1403 1848 ad

180 1881 281 1946 locum
305 1904 411 1946 versus
435 1886 467 1946 et
490 1883 634 1968 tangitur
657 1884 743 1947 locus
767 1906 799 1946 re
823 1884 1102 1968 adpropinquanti.
1149 1884 1270 1950 Deinde
1296 1892 1400 1952 antem

180 1988 217 2050 de
240 1988 522 2071 adpropinquando
546 1990 635 2053 nulia
658 1990 793 2074 amplius
816 1989 981 2074 cogitatio,
1006 1994 1101 2072 atque
1133 1991 1164 2053 id
1199 1996 1325 2056 tantum
1356 2017 1403 2056 re-

181 2094 322 2178 spicitur,
347 2117 414 2158 rem
439 2095 487 2159 vel
511 2096 614 2160 loeunr
639 2097 679 2160 ab
703 2096 815 2158 aliare
831 2096 921 2182 tangi
937 2096 1002 2159 sive
1025 2096 1055 2157 in
1082 2097 1245 2160 vicinitate
1261 2097 1320 2162 loci
1336 2120 1400 2164 rem

182 2200 303 2263 versari.
312 2197 339 2282 ¹)
364 2200 467 2276 Quare
490 2202 681 2285 putaverim,
704 2225 769 2266 non
794 2202 854 2264 nisi
877 2223 948 2266 cunr
971 2202 1102 2265 verbum
1136 2203 1283 2267 nroveudi
1313 2209 1402 2270 ante·

180 2305 422 2389 cederet‚primo
437 2308 514 2372 «ad»
529 2330 586 2390 pro
597 2308 828 2392 praepositione
842 2307 962 2392 «apud»
979 2309 1128 2371 substitui
1143 2309 1290 2391 potuisse,
1307 2309 1354 2374 ita
1367 2315 1403 2374 ut

181 2413 321 2496 exempla
331 2413 440 2476 eadem
451 2413 572 2476 ratione
581 2418 767 2497 comparata
779 2417 884 2477 essent
896 2418 991 2497 atque
1000 2414 1032 2476 in
1046 2413 1087 2477 H.
1097 2412 1155 2492 III,
1170 2416 1222 2492 50,
1236 2416 1402 2480 ltadFa·

181 2541 252 2584 rtem
267 2521 426 2584 Fortunae
447 2521 506 2584 iter
520 2520 641 2592 sisteret,
666 2541 747 2601 quae
764 2519 859 2582 verba
875 2519 921 2582 ita
936 2520 1130 2603 expedienda
1149 2526 1232 2598 sunt,
1258 2525 1294 2584 ut
1316 2522 1402 2606 cogi-

185 2630 294 2690 temus:
319 2625 359 2688 ad
383 2623 417 2690 F.
442 2623 477 2689 F.
502 2624 615 2688 itinere
637 2628 782 2708 suscepto
805 2623 866 2688 iter
881 2625 1069 2702 crinsistunt
1091 2625 1135 2687 ibi
1158 2633 1401 2690 commorantur.

181 2731 307 2815 Semper
316 2735 423 2795 autem
433 2732 614 2808 tenendum,
624 2734 822 2794 contractum
831 2731 959 2813 etquasi
967 2735 1169 2815 amputatum
1177 2730 1300 2795 dicendi
1313 2754 1401 2796 usum

180 2838 287 2922 esse.²)
310 2875 352 2896 -.
378 2837 479 2912 Quam
503 2836 564 2901 sibi
587 2841 772 2901 constarent
795 2837 963 2921 scriptores
995 2829 1138 2903 historici
1160 2837 1193 2900 in
1218 2859 1270 2915 ec,
1295 2842 1401 2902 utrum

269 3012 290 3082 ¹)
308 3013 353 3068 Ita
372 3011 460 3068 etiam
478 3011 588 3068 Pettius
607 3011 637 3065 in
656 3011 779 3081 Etymol.
798 3011 949 3080 Forschgn.
970 3011 991 3075 1,
1010 3029 1039 3080 p.
1058 3012 1109 3065 att
1129 3014 1158 3066 et
1171 3011 1270 3067 Holtze
1288 3013 1317 3066 in
1334 3013 1403 3083 Syn-

181 3102 239 3156 taxi
257 3101 410 3172 priscorum
430 3101 598 3170 scriptorum
617 3100 708 3154 Latin.
728 3101 749 3163 I,
769 3118 796 3169 p.
816 3099 866 3153 201
881 3100 955 3153 huno
967 3117 1049 3154 usum
1062 3103 1258 3169 exposuerunt,
1278 3102 1325 3156 hio
1339 3119 1403 3156 cnm

183 3191 271 3245 dicat:
289 3191 469 3260 Sipne‘ticotar
483 3190 687 3260 praepositione
707 3188 776 3242 «ad»
796 3189 879 3255 beas,
896 3188 945 3242 ebt
963 3205 1005 3242 res
1020 3195 1084 3256 post
1101 3195 1202 3244 neotum
1220 3190 1337 3258 aliquem
1355 3199 1403 3245 aot

181 3298 208 3334 re
225 3282 408 3348 berefactam
426 3285 475 3332 aot
494 3279 573 3348 quaet
598 3280 690 3345 factm
715 3280 781 3332 esset
805 3275 953 3346 copitonda
979 3282 1026 3331 est.
1046 3304 1078 3313 —
1099 3274 1220 3339 Causae,
1248 3294 1318 3344 quas
1338 3277 1402 3331 For·

181 3368 310 3422 cellinius
329 3366 383 3435 (ed.
403 3365 550 3421 Corradini
571 3364 650 3432 1864)
670 3363 699 3418 in
719 3364 822 3419 Lexieo
840 3382 861 3417 s.
882 3382 907 3418 v.
927 3362 962 3416 ad
982 3365 1115 3434 protulit,
1141 3366 1174 3418 ut
1192 3365 1305 3434 proprie
1324 3383 1403 3434 prae·

181 3455 347 3525 positionem
368 3455 438 3508 «ad»
460 3455 578 3509 eandem
606 3471 665 3508 csse
690 3471 775 3522 quam
801 3451 910 3520 ‹apud›
931 3449 998 3520 (apd
1025 3452 1084 3506 sive
1104 3452 1173 3520 abd,
1200 3451 1262 3521 ad),
1288 3454 1403 3508 demon-

182 3546 292 3607 straret,
310 3544 352 3598 ita
365 3546 397 3598 ut
409 3541 548 3612 exempla,
567 3543 597 3596 in
611 3542 714 3610 quibus
734 3541 802 3595 ‹ad›
817 3557 868 3609 pro
882 3540 990 3608 ‹apud›
1005 3540 1129 3609 positum
1143 3543 1224 3604 esset,
1237 3541 1403 3610 primariam

181 3631 415 3700 significationem
436 3630 552 3686 voculae
571 3629 757 3692 continerent,
777 3628 861 3683 facila
881 3627 952 3682 dilui
971 3634 1094 3697 possunt.
1131 3629 1205 3682 Nam
1225 3630 1298 3697 quod
1317 3630 1405 3685 verba

181 3738 333 3789 numquam
352 3738 415 3774 oum
434 3718 643 3789 praepositione
663 3718 772 3786 «apud»
800 3717 849 3771 sed
876 3734 928 3786 pro
952 3733 987 3771 aa
1011 3734 1072 3770 cum
1097 3715 1306 3785 praepositione
1332 3717 1401 3770 ‹ad›

181 3811 391 3879 componuntur,
409 3807 483 3862 nihil
501 3808 553 3861 hoc
573 3805 648 3860 effici
666 3807 767 3873 potest,
787 3805 993 3874 praeterquod
1012 3803 1121 3867 Latini,
1141 3815 1204 3855 oum
1219 3800 1287 3854 ‹ad›
1307 3800 1402 3868 sigui·

181 3892 344 3948 ficationem
357 3889 588 3960 praepositionis
612 3889 718 3956 apum
741 3887 858 3944 ratione
873 3902 964 3957 supra
982 3888 1112 3943 indicata
1127 3889 1353 3962 adsumpsisset,
1373 3893 1403 3946 in

180 3984 378 4054 componendis
398 3983 491 4039 verbis
511 3982 591 4037 illam
610 3982 704 4052 potius
723 3981 845 4050 probae
865 3981 984 4035 duarum
1003 3981 1177 4050 syllabarum
1196 3981 1404 4051 praepositione

180 4074 388 4142 praeferebant.
407 4071 487 4138 Quod
506 4074 602 4126 autem
617 4068 748 4125 nonnulli
766 4069 820 4126 loci
834 4087 867 4124 ex
886 4085 1012 4124 sermone
1028 4069 1141 4138 vulgari
1159 4067 1403 4139 inscriptionibus·

180 4181 234 4231 que
253 4161 397 4231 desumpti
425 4162 537 4223 extant,
564 4159 595 4213 in
623 4159 725 4227 quibus
752 4159 860 4228 ‹apud›
887 4175 938 4228 pro
957 4159 1028 4213 ‹ad›
1057 4161 1224 4228 usurpatum
1252 4159 1303 4221 sit,
1332 4157 1403 4212 vitio

180 4251 295 4320 linguae
314 4249 442 4320 plebeiae
462 4249 568 4304 factum
586 4251 637 4313 est,
657 4247 731 4302 sicut
749 4247 836 4302 etiam
855 4247 886 4300 in
898 4247 1056 4300 meridiana
1069 4245 1237 4301 Germaniae
1250 4247 1331 4315 parte
1351 4245 1404 4299 usi·

181 4339 352 4394 tatissimum
372 4341 416 4393 ast
432 4338 463 4392 in
482 4355 609 4392 sermone
629 4335 750 4404 vulgari,
776 4338 808 4390 ut
827 4335 999 4405 praepositio
1020 4335 1099 4389 «bei»
1119 4353 1182 4389 cum
1204 4351 1268 4387 ‹zu›
1289 4333 1404 4388 confun-

181 4428 273 4492 datur,
292 4445 315 4482 e.
333 4445 356 4481 c.
375 4427 469 4482 komm
487 4427 535 4480 bei
553 4425 635 4478 mich.
655 4423 785 4479 Ceterum
799 4424 909 4478 Pettius
923 4423 942 4476 l.
956 4423 974 4476 l.
988 4441 1015 4493 p.
1029 4425 1081 4477 509
1100 4423 1186 4478 aliam
1205 4439 1264 4478 esse
1277 4422 1402 4476 radicem

180 4514 397 4586 praepositionis
418 4516 526 4584 «apud»
547 4531 632 4582 quam
651 4511 869 4583 praepositionis
889 4511 959 4565 ‹ad›
979 4511 1047 4566 satis
1067 4512 1262 4581 comprobasse
1280 4510 1402 4565 videtur.

271 4604 291 4673 ²)
308 4603 397 4658 Recte
416 4603 504 4672 igitur
523 4602 727 4665 Rudimaunus‚
747 4601 816 4655 Inst.
836 4617 878 4668 gr.
897 4599 948 4654 lat.
968 4598 1001 4665 11,
1022 4618 1050 4668 p.
1069 4600 1122 4654 282
1141 4601 1165 4654 si
1185 4599 1324 4670 originem
1336 4615 1402 4651 usus
