3314 5274
611 323 920 426 '-4o-

198 563 254 645 qni
282 561 389 628 eodem
410 561 576 644 parebant.
622 555 709 624 levis
736 555 794 625 ad:
823 559 859 622 in
886 557 925 626 A.
950 557 1012 635 XI,
1038 560 1094 636 33,
1119 560 1138 622 2
1162 558 1205 624 ad
1227 558 1352 624 moesta
1374 577 1430 622 sea

193 691 300 752 praua
336 669 426 734 innta
457 668 529 747 ieci,
564 687 638 750 pro:
670 671 818 750 prompto
848 666 888 730 ad
925 665 1000 733 hon.
1030 688 1054 729 s.
1087 687 1134 749 pr.
1181 659 1332 728 lubricus
1367 659 1427 728 ad:

198 775 233 838 in
257 774 298 838 H.
322 773 365 854 Π,
392 775 464 853 101,
501 774 664 838 9inbriea
697 774 741 838 ad
774 773 960 838 mutandam
991 772 1086 856 Jtdem
1120 771 1215 836 classe
1249 771 1283 835 ob
1316 790 1428 834 memo·

198 885 284 948 riam
307 884 439 948 recentis
456 901 518 963 pro
541 879 654 946 Otione
676 879 819 959 miiitiae,
843 879 875 946 h.
900 901 926 944 e.
951 879 1072 943 lubrica
1095 882 1164 942 erat
1186 879 1227 942 cb
1250 899 1343 943 mem.
1366 898 1427 940 rec.

139 963 150 988 s
201 1011 248 1073 pr.
275 987 351 1056 Oah.
376 988 442 1054 mil.
468 1008 567 1070 eoque
590 1007 695 1069 prona·
714 987 752 1052 ad
776 986 963 1050 mutandam
996 985 1099 1052 fidem.
1145 983 1288 1048 Heracus
1318 982 1427 1047 vertit:

199 1095 289 1160 ieieiit
317 1117 359 1160 nn
386 1095 538 1160 nerleiten.
583 1089 717 1158 mobilis
740 1089 797 1159 ad:
829 1093 862 1156 in
886 1092 925 1156 A.
956 1092 986 1169 Ι,
1012 1093 1071 1170 28,
1096 1093 1115 1156 9
1144 1098 1179 1156 nt
1205 1097 1278 1157 snnt
1305 1091 1430 1155 mobiles

200 1202 243 1268 ad
266 1203 516 1283 superstitionem
532 1201 698 1282 permisce
719 1199 812 1266 semei
834 1205 966 1277 mmteS,
991 1200 1078 1264 locus
1102 1199 1147 1278 ei,
1178 1198 1217 1262 de
1245 1219 1307 1281 quo
1335 1196 1428 1261 modo

200 1307 347 1386 diximus,
372 1308 563 1373 simillimus,
591 1343 629 1352 -

289 1416 318 1480 4.
342 1413 404 1479 Sed
426 1437 491 1480 non
515 1415 617 1479 solum
640 1413 667 1478 si
689 1413 760 1497 quis
782 1413 850 1498 ipse
874 1413 1004 1480 adrem
1027 1412 1199 1477 inclinatus
1222 1415 1289 1491 est,
1318 1431 1429 1474 verum

200 1522 297 1586 etiam
320 1522 347 1586 si
370 1522 441 1606 quis
465 1522 563 1586 alium
587 1542 769 1605 permovere
792 1521 898 1584 studet
921 1518 972 1586 vel
989 1519 1124 1602 denique
1145 1541 1179 1584 re
1195 1541 1269 1584 vera
1286 1518 1426 1596 adduxit,

201 1628 395 1712 praepositio
421 1628 500 1692 «ad»
526 1631 708 1711 usurpatur.
756 1626 823 1702 Quo
846 1627 881 1690 in
904 1649 964 1691 usu
988 1627 1201 1692 decedendum
1224 1625 1316 1690 nobis
1341 1628 1390 1689 est
1410 1647 1429 1688 a

199 1735 262 1812 via,
286 1756 383 1818 quam
407 1735 511 1800 adhuc
534 1735 633 1800 secuti
649 1755 766 1812 sumus,
782 1737 819 1796 ut
840 1733 1075 1818 distinguamus
1094 1755 1146 1798 eos
1163 1733 1255 1811 locos,
1272 1732 1328 1797 ubi
1347 1732 1425 1795 «ad»

200 1841 415 1920 directionem,
439 1843 472 1904 et
495 1841 610 1924 quibus
636 1862 793 1906 accessum
816 1840 856 1903 ad
879 1841 976 1904 finem
999 1840 1173 1925 significet,
1196 1861 1272 1904 nam
1302 1839 1429 1904 etiamsi

200 1948 355 2012 nonnulla
379 1949 474 2014 verba
490 1947 565 2025 sint,
590 1969 671 2031 quae
686 1947 749 2012 huc
766 1947 958 2032 pertincant,
980 1950 1051 2032 post
1067 1969 1148 2030 quac
1165 1947 1358 2031 praepositio
1374 1951 1430 2010 aut

200 2055 406 2119 directionem
433 2058 572 2132 tantum,
596 2056 627 2118 h.
652 2077 679 2122 e.
703 2058 898 2138 temptatum
921 2055 1022 2118 eclam
1045 2076 1121 2133 esse,
1146 2058 1182 2118 ut
1205 2054 1275 2137 quis
1299 2053 1338 2117 ad
1362 2075 1428 2117 rem

203 2163 385 2240 adducatur,
411 2163 468 2225 aut
491 2183 649 2226 accessum
672 2183 770 2244 usque
795 2161 964 2239 adfinem,
988 2161 1020 2224 h.
1044 2183 1071 2227 e.
1095 2161 1300 2244 impetratum
1325 2161 1428 2226 consi-

200 2269 281 2333 lium
304 2267 470 2352 exprimat,
487 2271 595 2331 tamen
612 2267 675 2332 alia
692 2272 775 2346 sunt,
793 2271 864 2351 post
879 2289 961 2350 quae
980 2267 1058 2332 «ad»
1077 2267 1231 2331 inserviat
1249 2267 1288 2330 ad
1305 2272 1426 2332 utrum·

202 2397 262 2458 que
286 2373 536 2457 exprimendum.
583 2371 663 2437 Cum
692 2373 791 2458 igitur
820 2396 844 2438 e.
879 2396 904 2438 c.
930 2373 1071 2438 dicatur:
1097 2373 1267 2438 commovit
1291 2375 1421 2440 amicum

202 2482 241 2544 ad
264 2480 432 2566 pecuniam
456 2480 647 2558 solvendam,
672 2501 781 2544 sensus
811 2485 877 2546 ast:
909 2485 1101 2546 commotum
1134 2480 1270 2544 amicum
1298 2503 1426 2546 revera

199 2587 367 2673 pecuniam
390 2587 535 2664 solvisse3
561 2587 587 2651 si
612 2587 754 2652 addit-ur:
780 2588 917 2652 amicum
940 2588 980 2652 ad
997 2610 1110 2672 pecun.
1135 2588 1208 2652 salv.
1234 2609 1429 2652 commovere

200 2701 326 2760 conatos
357 2701 414 2774 est,
445 2694 660 2778 intellegenda
683 2699 759 2760 sunt
790 2695 899 2760 verba:
931 2695 1089 2760 adfinem
1120 2694 1301 2778 (solvendae
1333 2685 1429 2778 pecu-

202 2801 287 2880 niae)
310 2801 497 2885 perventum
520 2823 584 2864 non
607 2823 683 2868 esse.
712 2801 826 2884 ltaque
850 2824 921 2866 cnm
946 2824 1069 2886 semper
1084 2824 1122 2864 ex
1146 2824 1229 2866 nexu
1252 2800 1429 2866 sententia-

202 2930 273 2972 rum
304 2907 459 2991 pendeat,
492 2907 618 2990 qualem
646 2907 913 2992 significationem
945 2912 1018 2992 post
1047 2910 1156 2974 eadem
1180 2910 1274 2974 verba
1297 2907 1429 2970 diversis

203 3015 278 3079 locis
302 3014 405 3098 posita
428 3013 621 3098 praepositio
643 3014 761 3079 habeat
777 3015 932 3098 simulque
948 3037 988 3080 ne
1004 3014 1162 3095 divellam,
1180 3037 1260 3099 quae
1277 3019 1343 3079 tam
1360 3017 1429 3078 arte

204 3122 288 3186 inter
311 3143 344 3186 se
367 3141 486 3184 conexa
509 3121 588 3199 sint,
619 3121 651 3186 in
676 3121 736 3184 hcc
758 3121 867 3186 ordine
891 3121 1057 3186 discrimen
1088 3122 1167 3187 illud
1197 3120 1432 3207 neglegendum

205 3249 273 3292 csse
297 3226 469 3292 arbitratus
492 3249 571 3291 sum.

293 3329 423 3398 hortari
445 3330 504 3397 ad:
529 3334 563 3398 in
585 3334 626 3399 H.
650 3334 709 3412 ΠΙ,
733 3337 763 3414 9,
788 3337 830 3401 25
854 3338 898 3402 ad
920 3338 1155 3413 transitionem
1178 3334 1237 3413 IV,
1263 3337 1314 3413 39,
1333 3335 1433 3400 rano

205 3441 423 3524 capessendam
438 3463 504 3506 rem
520 3442 698 3524 patticam3
721 3442 760 3508 A.
777 3441 820 3520 Π,
837 3443 889 3521 27,
915 3445 955 3507 19
979 3444 1022 3508 od
1045 3443 1155 3508 innon
1170 3449 1199 3508 et
1214 3465 1266 3510 aes
1281 3443 1433 3522 adimam}

205 3548 264 3628 ΠΙ,
290 3549 341 3625 12,
367 3548 407 3614 15
430 3549 453 3630 †
476 3548 519 3613 ad
540 3549 669 3613 eandem
692 3549 833 3629 taboram,
858 3550 987 3616 eandem
1009 3553 1228 3624 constantiam·
1251 3548 1325 3627 XII,
1342 3550 1430 3628 46,2

207 3658 251 3723 ad
281 3656 487 3722 sanciendam
514 3657 635 3738 foedas.
666 3694 710 3704 -
733 3652 914 3722 adhortari
937 3653 996 3723 ad:
1019 3657 1054 3722 in
1075 3657 1116 3722 H.
1141 3657 1200 3735 IH,
1225 3659 1280 3737 61,
1305 3659 1325 3722 3
1349 3655 1434 3722 natio

207 3766 242 3830 in
264 3763 376 3828 heliam
398 3762 597 3842 adhortante,
629 3764 736 3830 mattis
758 3764 801 3828 od
824 3765 1057 3844 transitionem,
1081 3765 1137 3828 ubi
1160 3764 1245 3829 haud
1267 3763 1361 3828 facile
1384 3763 1432 3827 di-

210 3869 367 3935 versitatis
401 3869 671 3953 praepositionum
702 3893 796 3936 cauea
826 3871 925 3936 statui
956 3875 1061 3955 potest
1092 3875 1218 3956 praeter
1249 3869 1434 3935 variationis

210 3998 355 4040 amorem.
386 3971 562 4042 cohortari
585 3974 643 4041 ad:
672 3977 705 4042 iu
730 3977 771 4040 H.
795 3977 828 4055 Ι,
854 3979 913 4056 83,
938 3981 957 4043 9
981 3980 1002 4060 †
1025 3980 1068 4045 ad
1090 3980 1249 4058 oirtntem;
1279 3977 1314 4041 in
1336 3977 1378 4044 H.
1410 3976 1432 4043 l.

210 4081 268 4162 IV,
292 4083 344 4162 45,
369 4083 388 4147 9
413 4087 520 4150 autam
542 4084 690 4169 legimus:
714 4091 840 4152 senatos
854 4087 1026 4152 consultam
1046 4107 1104 4170 qno
1120 4085 1317 4152 Seniensium
1327 4086 1434 4166 plebes

210 4192 435 4256 modestiae
465 4192 774 4272 anmomrecnr,
798 4215 894 4276 quam
917 4215 955 4259 ex
978 4194 1046 4279 ipso
1062 4197 1190 4258 senatus
1212 4191 1355 4258 consulto
1378 4191 1433 4256 de-

211 4302 373 4381 sumptam
386 4319 452 4361 esse
465 4298 635 4363 dictionem
647 4301 841 4380 crediderim,
865 4324 940 4366 nam
956 4302 1072 4386 scripta
1088 4301 1216 4385 publica
1232 4299 1365 4382 antiqua
1380 4299 1434 4363 diu

210 4404 412 4468 retinuerant
426 4408 458 4467 et
473 4403 617 4470 dativum
630 4428 701 4471 cum
718 4407 820 4472 verbis
835 4407 986 4474 hortandi
1002 4408 1206 4472 coniunctum
1221 4405 1434 4489 antiquiorem

196 4509 334 4576 dicendi
358 4532 451 4575 usum
474 4532 541 4575 csse
565 4511 617 4576 vix
641 4513 859 4593 dubitandum,
884 4514 910 4578 si
934 4513 997 4578 alia
1020 4535 1248 4598 comparamus,
1266 4513 1434 4598 dequibus

212 4641 240 4683 v.
265 4616 397 4681 inferius
420 4639 451 4700 p.
476 4617 528 4686 44.
563 4615 693 4704 proveri
720 4617 777 4684 adt
808 4621 842 4686 in
874 4619 916 4690 H.
939 4620 997 4700 IV,
1022 4623 1059 4699 3,
1086 4623 1127 4688 13
1149 4625 1239 4692 motis
1260 4623 1303 4690 ad
1324 4622 1434 4690 delinm
