3314 5274
669 377 884 440 ...61-

167 574 320 654 deferretis
342 573 468 656 regibus
490 579 545 636 oet
566 571 609 635 99
630 573 785 637 mutierem
807 571 959 651 redeetts,·
989 570 1029 635 A.
1054 570 1110 649 VI,
1134 573 1187 648 22,
1213 572 1254 634 10
1276 572 1318 636 99
1339 593 1385 636 se·

166 681 310 744 muretus
330 681 488 744 reductum
511 678 656 760 (faenus).
693 677 739 742 cf.
763 677 801 740 A.
826 675 882 755 XI,
915 678 945 756 7,
984 678 1022 740 17
1051 678 1211 758 capiendis
1238 681 1386 760 peeuur'e's

165 787 293 853 9999999
315 787 463 850 statutt
479 821 516 830 -
533 785 616 867 quod
639 784 769 848 verbum
791 784 824 846 in
847 783 951 847 codiee
968 783 1118 848 omissum
1135 781 1269 847 Orellius
1291 784 1385 848 resti·

165 894 231 956 tuit
259 929 298 938 -
326 913 421 974 usque
451 890 494 956 99
526 892 607 955 dena
637 892 795 969 sestertio,
831 890 885 953 ubi
917 889 1048 954 fortasse
1079 912 1135 982 pro
1166 890 1385 953 emendatione
1503 887 1508 905 ⁴

167 997 295 1062 Orellii:
324 999 450 1063 modum
473 998 631 1078 redeytt
652 1017 749 1079 usque
771 995 813 1060 99
836 997 866 1061 9.
890 1017 914 1062 s.
939 997 1137 1060 scribendum
1161 1002 1221 1072 est;
1251 996 1288 1062 A.
1313 995 1384 1075 XV,

168 1107 219 1182 39,
244 1107 263 1170 9
274 1107 473 1186 pretiumque
490 1105 643 1185 frumenti
659 1105 876 1168 99991999
891 1121 1023 1184 resque
1037 1104 1093 1167 99
1108 1110 1246 1167 terreos
1260 1120 1384 1167 9999-

166 1229 267 1276 9993.
293 1247 331 1256 -
357 1211 395 1274 A.
419 1209 478 1285 XI,
511 1211 562 1287 10,
595 1211 635 1272 22
660 1211 730 1292 quis
763 1209 935 1294 (precibus)
965 1210 1158 1289 permitti
1181 1208 1385 1273 Meherdaten

160 1319 307 1400 putrium
330 1318 373 1380 99
403 1317 568 1399 fostipr‘uur
590 1316 738 1395 malunt,
772 1315 804 1383 h.
829 1338 854 1380 e.
881 1315 1039 1400 permitti,
1072 1319 1108 1379 ut
1131 1315 1213 1380 Meh.
1237 1319 1320 1398 patr.
1346 1316 1384 1378 99

166 1425 241 1491 fest.
265 1424 438 1490 tolleretur.
811 1435 814 1442 '

256 1529 375 1593 Eodem
398 1528 641 1613 praepositionis
665 1529 711 1592 vis
734 1528 825 1593 nobis
850 1531 984 1592 ooourrit
1007 1528 1041 1590 in
1071 1528 1237 1612 exemplis:
1262 1526 1300 1591 A.
1326 1527 1382 1606 VI,

167 1638 218 1717 44,
244 1639 284 1701 16
308 1636 371 1719 lepe
394 1636 500 1700 99999
522 1642 695 1700 extremum
717 1636 760 1700 99
784 1635 975 1717 supplicium
997 1635 1180 1712 99999199·
1211 1633 1298 1713 XVI,
1330 1636 1382 1711 21,

168 1737 208 1808 10
232 1745 276 1808 99
297 1748 424 1808 mortem
447 1740 707 1827 damnabatur;¹)
732 1742 880 1806 similiter
901 1743 935 1806 in
958 1741 997 1808 A.
1010 1739 1068 1819 III,
1081 1741 1134 1819 49,
1148 1745 1167 1804 9
1182 1742 1237 1806 sed
1252 1762 1383 1824 999999-

165 1851 246 1915 tetris
261 1851 305 1914 99
321 1850 494 1930 perniciem
511 1849 588 1929 plue
608 1849 685 1932 fedei
704 1850 777 1931 ferit,
795 1849 929 1912 breviter
945 1848 1065 1912 dietum
1083 1870 1151 1931 pro:
1177 1847 1383 1933 arguentibus

167 1979 224 2041 per
246 1956 388 2041 crimina,
414 1954 528 2038 quibus
551 1978 622 2018 eum
647 1955 686 2018 ed
711 1955 881 2039 perniciem
906 1954 1276 2028 daumerieffieiebatur.
1323 1953 1383 2028 Qui

167 2062 252 2126 loeus
276 2084 346 2125 oum
371 2060 495 2145 proprie
519 2084 549 2145 p.
575 2061 617 2124 46
641 2061 930 2124 commemorandus
955 2065 1051 2139 esset,
1084 2060 1233 2125 hocloco
1258 2060 1383 2124 facilius

168 2168 318 2253 explicari
341 2190 431 2251 posse
449 2167 625 2234 videbatur.
650 2166 696 2234 Of.
714 2166 755 2235 H.
773 2168 797 2246 I,
822 2168 873 2245 49,
900 2169 940 2230 14
963 2188 1060 2246 usque
1082 2167 1125 2232 99
1146 2167 1268 2248 rubrum
1290 2169 1383 2250 9999-

166 2296 250 2352 rus;·
270 2273 326 2352 IV,
361 2275 412 2353 73,
443 2275 606 2356 919999
636 2275 811 2340 discordiae
841 2296 937 2356 usque
965 2275 1008 2338 99
1030 2274 1158 2340 exitium
1187 2275 1383 2356 futiyoboret;

167 2383 204 2444 A.
218 2380 303 2458 XIV,
319 2382 367 2458 15,
385 2381 403 2443 5
420 2381 585 2445 histrionis
600 2387 698 2445 ortem
720 2388 893 2445 exercerent
914 2402 1011 2464 usque
1033 2382 1077 2444 99
1098 2386 1199 2463 pestus
1221 2383 1384 2462 moetusque

168 2489 250 2551 9999
271 2487 394 2566 uirile,
428 2487 487 2564 26,
521 2487 540 2548 8
570 2507 665 2567 usque
694 2488 738 2550 99
764 2487 904 2551 servitem
928 2488 1120 2568 potientium
1142 2488 1314 2560 99999999
1345 2486 1382 2549 99

173 2593 359 2674 «usquein»
386 2615 415 2660 v.
440 2614 471 2676 p.
495 2593 537 2655 28
561 2591 594 2655 in
618 2595 684 2658 not.
712 2593 739 2654 1.
766 2629 802 2638 —
1394 2657 1395 2660 ,

253 2698 281 2762 b.
307 2695 375 2760 Non
401 2719 473 2760 raro
497 2697 690 2780 praepositio
712 2697 759 2760 ite
782 2698 922 2781 ponitur,
948 2701 983 2761 ut
1003 2694 1055 2762 rei
1077 2694 1183 2763 aliem
1206 2713 1279 2762 rem
1302 2694 1380 2761 addi

166 2799 221 2863 rel
244 2799 287 2866 ed
310 2818 386 2866 eam
409 2799 586 2884 pertinere
610 2798 798 2867 oliemrem
814 2804 983 2889 significet,
1006 2805 1039 2869 19
1064 2828 1125 2888 quo
1149 2828 1208 2868 usu
1233 2805 1380 2870 discerni-

166 2930 251 2972 mus:

254 3016 283 3081 1.
308 3015 335 3077 si
362 3018 440 3081 «ad»
467 3016 625 3100 exprimit,
648 3013 702 3080 rei
725 3013 852 3099 aliquid
877 3014 1038 3099 adiungi:
1063 3015 1256 3100 adiungere
1281 3016 1379 3082 9919

164 3121 202 3184 A.
226 3119 283 3199 IV,
308 3124 358 3199 40,
385 3123 398 3184 1
426 3122 482 3186 Ae
504 3145 541 3187 eu
567 3125 714 3188 Tiberius
737 3125 867 3189 laudate
884 3127 1003 3206 pietate
1025 3125 1134 3191 Seiani
1157 3162 1199 3172 -
1222 3127 1378 3191 9999999.

165 3223 288 3291 addere
319 3224 361 3290 ad
393 3229 426 3292 in
461 3229 501 3296 H.
539 3229 567 3310 Ι,
601 3233 652 3308 72,
686 3232 725 3293 16
758 3232 870 3295 99999
901 3233 944 3295 99
972 3237 1058 3296 uetus
1093 3232 1239 3315 Tipellr'ru'
1273 3234 1379 3298 odium

164 3335 276 3398 reeerrtr'
302 3371 336 3378 -
364 3335 496 3400 inuidia.
543 3330 676 3398 adferre
697 3333 757 3405 ad:
789 3337 822 3398 in
855 3336 894 3399 D.
927 3338 957 3413 8,
988 3339 1029 3400 25
1063 3335 1209 3418 Crispum
1239 3339 1380 3405 attulisse

165 3441 207 3504 99
229 3443 529 3515 emeritensem
553 3444 634 3524 quod
648 3467 712 3523 —;
741 3442 780 3507 Η.
804 3443 837 3522 I,
853 3445 904 3523 37,
931 3445 970 3508 13
992 3444 1014 3524 t
1035 3443 1171 3527 plurium
1194 3446 1237 3509 99
1253 3447 1379 3526 prinei-

162 3553 283 3627 9999.
316 3543 476 3610 secedere
495 3544 551 3610 ad:
573 3549 608 3611 in
630 3547 669 3614 D.
698 3551 748 3629 16,
774 3551 792 3612 2
818 3550 860 3614 99
886 3553 974 3614 eries
999 3570 1151 3614 summurn
1176 3553 1379 3617 eruditionem

165 3689 207 3698 -
224 3675 300 3718 euro
322 3675 438 3737 quoque
460 3656 669 3744 etreeetr'tutr'e
692 3657 833 3736 uecesstt;
856 3657 907 3736 36,
927 3657 968 3719 14
983 3658 1027 3721 99
1048 3677 1171 3722 summe
1193 3658 1379 3740 9999991999

159 3762 437 3844 praemiorumque
460 3763 554 3825 etium
575 3764 738 3828 necessitas
760 3764 928 3828 accedebat.
952 3763 1117 3826 Ineeteris
1140 3763 1264 3846 seriptis
1286 3787 1378 3828 num-

166 3886 258 3947 quam
281 3888 352 3931 eum
375 3867 615 3952 praepositione,
641 3890 722 3951 quae
745 3870 827 3933 hene
850 3870 914 3933 vim
936 3869 1061 3949 habeat,
1084 3869 1146 3954 hoe
1159 3870 1287 3934 verbum
1303 3892 1378 3935 eon·

164 3971 316 4057 iungitur,
346 3973 396 4056 (ef.
422 3997 452 4058 p.
484 3975 543 4051 12;
579 3976 635 4053 32,
667 3973 845 4060 ibidemque
875 3977 913 4042 de
940 3977 1039 4040 verbo·
1063 3963 1265 4057 «efficiendi»
1295 3978 1377 4060 quod

163 4100 232 4142 eum
257 4079 364 4144 dativo
386 4080 602 4164 construitur).

251 4183 398 4270 Saepius,
438 4187 584 4271 inprimis
622 4188 656 4251 iu
686 4187 865 4252 Annalibus
909 4184 1004 4273 atque
1045 4212 1152 4254 eorum
1186 4194 1311 4255 tentum
1343 4189 1376 4252 in

162 4293 326 4374 postremis
348 4293 437 4356 libris
460 4294 577 4380 legitur
600 4295 749 4359 formula:
775 4292 817 4359 ad
832 4291 1029 4382 hochuam
1044 4297 1101 4361 nos
1124 4297 1282 4360 simillime
1305 4297 1376 4360 red·
1507 4302 1512 4312 '

253 4539 273 4607 ¹)
292 4541 345 4596 Hie
365 4559 430 4596 usus
451 4543 636 4598 reoentiorum
655 4544 822 4614 scriptorum
845 4545 903 4607 est,
929 4544 1003 4612 quod
1026 4561 1061 4600 ex
1080 4546 1146 4600 note
1163 4543 1330 4614 Nipperdeii
1348 4547 1377 4599 et

163 4644 198 4682 ex
217 4629 354 4699 exemplis
373 4647 390 4685 9
408 4630 574 4686 2999911919
592 4629 715 4688 collectis
733 4631 874 4689 discimus.
1177 4639 1180 4646 ’
