3314 5274
691 384 911 446 „35-

191 597 271 654 mus‚
296 597 371 640 casu
393 576 516 640 factum
533 597 599 642 esse
615 577 800 666 negaverim
815 613 849 624 -
868 577 978 654 elucet,
1002 577 1091 644 nullo
1111 579 1180 642 loco
1196 577 1412 644 Historiarum

192 683 332 766 exceptis
355 683 491 760 duobus,
528 683 582 766 qui
613 683 647 748 in
680 683 877 761 orationibus
901 685 995 751 rectis
1017 685 1232 768 reperiuntur,
1267 684 1412 748 Tacitum

190 788 256 854 sola
281 790 517 874 praepositione
543 790 621 854 «ad»
647 792 815 876 temporali
839 791 871 856 ri
894 813 987 856 usum
1010 813 1086 856 osse.

285 897 316 963 4.
341 894 495 961 Similiter
519 918 556 960 ac
578 897 641 964 iam
665 919 762 982 supra
776 897 921 976 vidimus,
946 897 1042 962 etiam
1065 897 1099 960 iu
1115 897 1176 962 hoc
1190 919 1305 983 genere
1321 917 1412 981 prae-

190 1001 307 1086 positio
330 1003 369 1066 ad
393 1003 601 1087 supplendam
624 1004 788 1068 notionem
804 1005 995 1070 substantivi
1012 1005 1170 1088 pertinere
1185 1008 1300 1088 potest,
1325 1003 1412 1066 ouius

189 1108 235 1171 rei
257 1109 401 1193 exempla
433 1113 541 1176 tamen
573 1110 749 1174 rarissima:
786 1110 824 1174 ln
846 1109 888 1178 Α..
912 1111 938 1190 l,
973 1113 1002 1191 8,
1036 1113 1115 1176 tiin
1136 1131 1222 1194 sporn
1243 1111 1412 1176 secundum

188 1222 312 1297 nepotes
337 1223 599 1299 pronepotesque,
632 1219 721 1283 tertio
752 1219 858 1301 qructu
882 1219 1042 1299 primores
1070 1220 1206 1284 ciuitatis
1232 1219 1411 1299 scripserat,

170 1323 349 1406 -piercsquc
375 1324 490 1390 incisos
516 1325 593 1404 siti,
626 1325 680 1390 sect
706 1327 861 1390 iactantia
889 1325 1050 1408 pioriuqne
1073 1325 1116 1390 ud
1132 1331 1289 1406 11111111,ο
1319 1345 1412 1406 quem

188 1429 292 1494 locum
314 1433 351 1494 ut
374 1434 459 1495 reete
482 1405 706 1516 intellegamus
729 1432 763 1494 in
787 1453 824 1498 eo
840 1431 979 1516 positum
1002 1435 1061 1510 est,
1086 1453 1149 1514 qua
1171 1432 1296 1496 ratione
1309 1431 1412 1514 ploriu

189 1535 388 1620 accipiamus,
415 1535 503 1612 Quod
527 1538 714 1602 vocabulum
738 1537 951 1623 Nipperdeins
975 1538 1102 1621 quidem
1126 1538 1160 1602 in
1177 1538 1249 1605 adn.
1275 1537 1411 1622 111111,

189 1642 240 1720 43,
256 1644 296 1706 17
308 1665 365 1727 pro
377 1642 673 1730 ‹Ruhmbegieroa
688 1645 806 1708 dictum
819 1667 884 1708 esse
895 1645 1032 1728 putavit,
1045 1667 1111 1710 non
1122 1649 1216 1723 recte,
1229 1648 1265 1708 ut
1276 1644 1410 1708 videtur.

188 1747 273 1812 Nam
297 1749 503 1814 conferendus
526 1753 575 1814 est
591 1751 671 1814 alius
686 1751 773 1814 locus
787 1750 819 1816 iu
832 1750 938 1828 1111,
952 1752 982 1829 6,
997 1753 1026 1830 3,
1040 1751 1074 1814 iu
1087 1773 1150 1834 quo
1163 1757 1225 1814 iam
1238 1749 1353 1835 Spitta,
1373 1751 1411 1814 de

187 1855 260 1921 Tac.
272 1855 307 1920 in
319 1877 464 1941 compen.
478 1861 587 1920 euuut.
599 1860 659 1922 rat.
670 1881 700 1942 p.
715 1859 756 1922 60
773 1879 882 1921 veram
892 1857 1058 1923 lectionem
1070 1858 1106 1922 in
1117 1858 1261 1942 margine
1271 1857 1411 1941 adscrip-

187 1966 256 2027 tam
270 1963 413 2028 restituit
424 1964 620 2048 adprobante
628 1964 795 2030 Wclfflino
809 1965 843 2028 in
857 1964 970 2030 Philol.
984 1964 1100 2042 XXVI,
1114 1989 1145 2048 p.
1162 1967 1241 2028 113:
1265 1964 1309 2027 ibi
1325 1964 1411 2028 enirn

187 2071 283 2135 verba
298 2073 386 2136 sunt:
410 2073 464 2153 qui
478 2072 599 2152 fornum
614 2071 657 2136 ud
667 2077 807 2153 posteros
819 2073 966 2153 praemia
982 2072 1170 2154 eloquentiae
1185 2072 1411 2156 ccqituoisseut‚·

187 2177 273 2240 fama
295 2177 394 2262 igitur
416 2198 453 2242 ea
474 2177 643 2255 indicatur,
668 2201 748 2262 quae
771 2201 871 2262 nsque
895 2178 934 2242 ad
957 2182 1082 2262 tempus
1099 2178 1293 2262 posteritatis
1318 2177 1411 2244 durat

187 2283 236 2348 vel
262 2284 409 2368 pertinet.
435 2283 555 2348 Eodem
570 2285 712 2349 modain
732 2286 814 2363 loco,
840 2286 876 2350 de
893 2306 954 2368 quo
971 2286 1087 2368 agitur,
1111 2287 1208 2350 verba
1226 2285 1348 2369 «gloria
1371 2285 1407 2348 ad

189 2391 351 2473 posteros»
377 2390 594 2476 intellegenda
625 2395 658 2456 et
687 2393 772 2456 inter
795 2414 829 2455 se
852 2391 1088 2477 coniungenda,
1119 2414 1190 2456 cum
1216 2391 1403 2456 «iactantia»

188 2517 247 2582 pro
270 2518 302 2560 se
327 2496 410 2562 dicta
434 2498 483 2560 sit.
509 2495 709 2564 Constructio
732 2475 898 2562 verborum
922 2501 1028 2564 autem
1051 2502 1098 2564 est
1121 2499 1254 2586 ablativi
1277 2499 1409 2563 causalis

186 2607 220 2668 et
242 2625 306 2668 nou
330 2603 391 2668 uisi
417 2604 599 2669 diversitate
615 2608 743 2670 nostrae
766 2605 894 2690 linguae
917 2607 963 2684 fit,
987 2611 1024 2671 ut
1046 2606 1215 2670 dicendum
1238 2608 1329 2672 uobis
1353 2607 1407 2670 sit:

190 2710 285 2776 «aber
309 2732 342 2774 er
364 2710 438 2774 that
460 2711 516 2775 das
540 2727 603 2776 nus
627 2712 788 2778 Prahlerei
811 2713 875 2776 und
891 2729 1015 2793 wegon
1038 2714 1092 2777 des
1116 2712 1258 2777 Rnhmes
1282 2713 1339 2776 auf
1359 2712 1408 2776 die

188 2815 388 2894 Nachwelt»
416 2838 479 2899 qua
502 2817 540 2880 de
563 2838 658 2882 causa
681 2819 715 2882 iu
739 2818 879 2882 ablativo
903 2819 985 2883 nihil
1000 2819 1215 2888 difficultatis.
1249 2819 1309 2884 Sed
1334 2842 1407 2902 pro-

187 2923 272 2987 fecto
295 2944 374 3006 opus
391 2944 457 2986 nou
473 2926 539 2986 erat
559 2924 738 2988 coniectura
754 2923 880 3004 uisceri,
906 2927 962 3009 qui
980 2927 1104 3009 «apud»
1124 2927 1259 2990 scribere
1274 2924 1406 3002 mavult,

188 3029 271 3112 quod
294 3029 363 3094 iure
386 3028 571 3094 Wolfflinus
595 3031 616 3094 l.
640 3032 661 3096 l.
686 3031 811 3098 refellit.
837 3030 1022 3096 Simillimus
1046 3037 1094 3098 est
1115 3033 1202 3098 locus
1225 3033 1260 3098 in
1282 3031 1322 3098 H.
1349 3030 1407 3109 lli,

190 3135 241 3214 80,
266 3137 285 3199 5
309 3157 403 3219 quem
427 3158 522 3219 supra
546 3137 722 3200 accuratius
745 3139 960 3207 tractavimus,
986 3139 1097 3224 Neque
1112 3144 1196 3204 recte
1212 3141 1250 3203 de
1263 3139 1316 3206 ¹his
1332 3140 1409 3204 locis

189 3240 334 3306 Haudius
366 3242 400 3306 iu
432 3241 523 3306 Turs.
548 3241 573 3306 Ι.
597 3265 628 3326 p.
654 3245 696 3308 95
729 3243 917 3328 disputavit,
949 3246 1117 3312 Walehius
1142 3251 1264 3327 autem,
1296 3247 1408 3329 quiin

189 3347 474 3412 Emendationibus
505 3347 648 3414 Liviauis
680 3373 710 3436 p.
736 3352 778 3416 46
807 3352 845 3417 de
876 3355 1031 3420 similibus
1054 3355 1131 3420 locis
1155 3353 1296 3418 Liuianis
1319 3353 1410 3418 Taci—
1458 3393 1461 3400 ·

190 3455 314 3538 teisque
336 3455 496 3532 disseruit,
520 3461 605 3522 recte
629 3458 765 3523 addidit:
795 3460 828 3524 iu
851 3459 902 3524 his
925 3461 1001 3526 locis
1025 3460 1219 3524 Graecorum
1242 3465 1411 3525 consuetu-

190 3561 296 3628 dinem
328 3565 361 3625 et
391 3561 541 3644 autiquae
572 3563 744 3628 locutionis
771 3587 863 3630 usum
885 3566 1044 3632 historicis
1068 3567 1209 3632 studiose
1231 3567 1411 3650 quaesitum

191 3667 330 3753 suppleri
352 3668 429 3751 quid
450 3672 568 3734 vetare.
596 3707 634 3716 -
1363 3659 1366 3666 ’

281 3776 310 3841 5.
335 3769 481 3858 Denique
504 3780 613 3856 restat,
646 3781 684 3842 ut
706 3779 860 3860 quasdam
882 3777 1035 3844 formulas
1059 3780 1248 3856 adferamus,
1283 3781 1317 3844 iu
1341 3783 1410 3865 qui-

191 3880 250 3944 bus
278 3880 354 3944 «ad»
380 3881 533 3964 temporis
557 3883 681 3948 notioni
705 3885 906 3970 adiungatur,
929 3890 1039 3952 tamen
1053 3886 1303 3970 ut·significatio
1319 3911 1410 3974 prae·

192 3986 357 4070 positionis
380 3991 531 4056 mutetur.

281 4091 332 4158 Sic
356 4089 399 4156 ad
422 4093 560 4175 tompus
584 4095 701 4160 dicitur
724 4118 780 4180 pro
806 4097 877 4162 «fiir
900 4097 1005 4182 einige
1022 4097 1100 4177 Zeit
1125 4099 1195 4164 eine
1210 4097 1280 4164 Zcit
1303 4098 1407 4182 lang‚»

193 4219 287 4282 quem
309 4221 403 4264 usum
425 4200 489 4264 iam
512 4199 692 4267 Ciceronem
724 4202 842 4268 habere
874 4203 1017 4270 Haudius
1049 4206 1082 4270 in
1115 4206 1258 4284 Γ11111,
1292 4228 1323 4289 p.
1350 4204 1409 4269 127

195 4306 431 4372 demonstravit.
480 4307 636 4393 Exempla
659 4309 790 4376 Tacitae
812 4314 887 4376 suut
909 4312 943 4374 in
966 4310 1005 4376 D.
1032 4315 1082 4390 32,
1118 4315 1131 4375 l
1159 4315 1226 4378 Nec
1247 4314 1413 4394 qnisquam

191 4413 372 4494 respondeat
405 4415 547 4498 sufficere
580 4421 615 4479 ut
648 4416 692 4480 ud
724 4422 845 4499 tenipus
874 4418 1007 4500 simptcu
1020 4413 1186 4501 'quiddam
1208 4424 1237 4484 et
1258 4420 1414 4500 uniforme

193 4519 374 4601 descernim-
396 4519 437 4584 Α.
461 4519 518 4597 IV,
545 4521 596 4599 19,
620 4523 639 4584 2
663 4522 716 4588 ltus
737 4525 857 4608 corripi
879 4523 976 4590 diluto
997 4525 1041 4590 ud
1062 4531 1182 4608 ternpus
1206 4524 1322 4590 Sabino
1338 4525 1413 4606 piu·

192 4626 294 4690 citum.
331 4626 544 4711 Nipperdeius
568 4648 632 4691 nou
656 4651 782 4712 prorsus
804 4634 889 4694 recte
905 4631 1013 4695 vertit:
1040 4631 1110 4694 «fiir
1125 4631 1187 4696 den
1203 4631 1412 4717 Augenbliek,
