3314 5274
700 348 916 422 ..69-

287 565 313 609 e.
347 541 540 618 Quibusdam
566 543 683 621 verbis,
715 565 796 626 quae
826 542 892 609 fere
915 543 1022 607 omnia
1049 537 1184 606 ferendi
1211 544 1308 608 verba
1332 547 1417 621 sunt,

198 648 465 733 praepositionem
485 649 574 727 «adp
601 671 699 732 quarn
716 649 913 713 accusativus
929 663 1096 729 personae
1112 652 1307 732 sequeretur,
1330 671 1420 734 saepe

199 754 327 833 adiecit,
363 777 443 837 quae
472 755 596 820 dicendi
624 755 818 819 consuetudo
850 756 899 820 ita
925 756 1126 838 explananda
1152 756 1275 820 videtur
1298 776 1334 819 ac
1356 754 1420 818 iem

198 883 294 945 snpra
317 882 375 945 pro
398 862 506 925 dativo
523 862 678 926 commodi
695 861 959 946 praepositionem
976 863 1126 926 substitui
1142 863 1287 940 vidimus.
1312 860 1419 926 Etiam

199 968 284 1032 hune
306 980 406 1030 usum
422 971 527 1031 ortum
550 990 617 1032 esse
633 990 671 1032 ex
688 990 830 1032 sermone
853 967 971 1032 forensi
988 969 1211 1052 exemplorum,
1238 989 1318 1052 quae
1336 953 1419 1052 apud

198 1072 345 1138 Tacitum
367 1073 558 1152 invenimus,
582 1077 698 1138 natura
714 1074 858 1139 concludi
882 1077 996 1158 potest.
1021 1073 1290 1158 Praepositionem
1308 1095 1419 1138 verna-

199 1181 271 1244 cula
286 1180 399 1265 lingua
414 1203 471 1264 pro
488 1180 719 1265 significatione
735 1181 833 1259 verbi,
858 1203 896 1244 cx
912 1203 975 1265 quo
990 1181 1116 1265 pendet,
1141 1181 1235 1245 modo
1251 1203 1309 1264 per
1327 1203 1419 1260 «an»,

199 1288 291 1351 modo
314 1301 370 1371 per
396 1287 486 1352 «auf»
506 1287 677 1352 reddimus:
703 1283 797 1350 ferre
823 1284 867 1350 ad
882 1288 917 1352 in
933 1287 974 1351 H.
992 1287 1018 1366 I,
1037 1288 1088 1367 79,
1114 1288 1130 1350 1
1149 1289 1284 1352 Initium
1295 1287 1420 1367 ferendi

199 1395 242 1458 cci
270 1395 497 1476 Vespasianum
521 1395 659 1475 imperii.
699 1391 857 1458 conferre
883 1392 942 1459 ad:
970 1395 1004 1458 in
1029 1395 1067 1457 H.
1093 1394 1123 1472 Ι,
1159 1396 1190 1470 l,
1216 1398 1234 1458 5
1255 1401 1420 1476 postquem

202 1537 239 1547 -
258 1521 377 1565 omnem
394 1503 565 1582 potentium
588 1503 631 1566 ud
653 1523 750 1566 unum
772 1503 906 1582 conferri
924 1502 1015 1582 pacis
1037 1503 1192 1583 interfuit,
1215 1501 1226 1562 i
1251 1523 1277 1564 e.
1295 1522 1336 1563 an
1353 1500 1419 1564 sive

200 1607 257 1670 auf
277 1607 369 1670 einen
392 1608 597 1693 iibertragen3
630 1606 666 1671 A.
689 1607 746 1687 IV,
775 1609 830 1686 39,
857 1608 874 1670 7
898 1630 959 1673 nou
977 1610 1073 1689 prius
1094 1610 1138 1673 ud
1160 1609 1350 1689 decoquam
1374 1607 1418 1670 uri

193 1715 379 1795 principum
401 1735 500 1779 aures.
531 1710 665 1778 deferre
688 1711 749 1783 ad:
782 1715 816 1777 in
839 1713 879 1777 H.
902 1714 943 1793 II,
972 1716 1025 1788 67,
1057 1717 1192 1780 ‘turmo
1215 1695 1257 1779 rid
1280 1713 1420 1778 tribunos

198 1841 269 1884 suos
299 1820 489 1900 defercbuut;
527 1821 623 1884 etiarn
658 1821 718 1884 hoo
747 1821 815 1884 loeo
846 1821 1039 1905 praepositio
1072 1843 1130 1904 pro
1161 1819 1268 1886 dativo
1302 1819 1420 1903 scripta

200 1929 257 2003 est,
282 1927 335 1990 sed
359 1927 501 1992 nondum
516 1927 569 1990 ille
588 1950 663 1990 usus
680 1927 825 2006 forensia,
850 1933 1006 2010 quantum
1022 1927 1061 1990 arl
1077 1927 1137 1991 hoe
1152 1928 1293 2003 verbum,
1317 1947 1419 2008 neque

200 2031 429 2097 inminoribus
452 2034 579 2117 scriptis
604 2056 706 2117 neque
729 2035 763 2096 in
788 2033 948 2113 Historiis,
982 2034 1159 2118 reperitur,
1191 2033 1246 2117 qui
1269 2054 1362 2116 saepe
1386 2032 1419 2095 in

200 2138 397 2204 Annalibus:
430 2139 469 2208 A.
494 2140 519 2218 I,
546 2142 596 2219 11,
632 2140 685 2204 6*
708 2141 888 2206 incivitate
911 2141 1159 2206 totiniustrcbus
1181 2141 1263 2205 ciris
1284 2140 1421 2204 subnixu

199 2267 259 2310 non
282 2247 325 2310 oct
346 2268 443 2312 unum
466 2249 571 2312 omnia
593 2248 765 2329 deterream
792 2247 833 2325 ΙΙ,
858 2249 909 2326 28,
937 2249 977 2311 10
1001 2248 1044 2312 cut
1066 2247 1250 2312 Fulcinium
1276 2246 1420 2311 Tironem

199 2354 352 2418 indicium
374 2355 499 2432 detulit;
531 2353 587 2432 IV,
621 2356 673 2434 68,
708 2355 748 2417 21
785 2355 903 2420 dotores
936 2375 1008 2420 suos
1030 2356 1124 2438 quasi
1159 2355 1201 2419 oct
1227 2354 1420 2435 fidissimum

87 2523 90 2528 .
199 2460 337 2540 deferrc3
361 2459 418 2537 VI,
440 2461 490 2539 18,
511 2462 543 2524 ll
566 2483 654 2543 quern
676 2463 764 2526 iutra
787 2463 870 2526 diem
892 2462 935 2526 oct
951 2468 1131 2542 praetorem
1146 2463 1300 2526 urbanum
1322 2459 1420 2540 defer·

198 2573 308 2630 rentur
316 2592 325 2647 ;
357 2565 429 2645 XII,
462 2568 513 2645 41,
550 2569 588 2630 16
619 2568 699 2649 quod
725 2603 760 2614 -
787 2567 882 2633 mutto
910 2574 1019 2650 questu
1049 2570 1092 2633 cut
1123 2569 1283 2632 moritum*
1303 2567 1418 2647 defert
1542 2546 1547 2554 ⁴

200 2671 287 2750 XIV,
317 2675 369 2748 41,
404 2674 526 2755 aqum
557 2695 625 2739 reos
653 2711 689 2719 —-
714 2676 758 2739 oct
774 2683 952 2756 praetorem
975 2675 1135 2740 detulisset
1143 2700 1153 2754 ;
1181 2673 1252 2751 XV,
1287 2674 1338 2750 51,
1367 2661 1419 2734 21.

200 2779 303 2864 Igitur
326 2779 443 2864 duplici
461 2803 554 2844 sensu
574 2782 670 2845 verba
686 2783 808 2863 deferre
827 2783 870 2847 ud
894 2786 1095 2866 usurpantur,
1120 2780 1257 2864 primum
1279 2801 1337 2863 pro
1352 2799 1420 2843 cou-
1525 2823 1527 2828 -

197 2887 283 2967 ferre
305 2887 356 2966 cu,
382 2886 422 2969 (v.
446 2886 487 2954 H.
512 2887 537 2964 Ι,
566 2889 593 2965 l,
619 2886 663 2968 51,
688 2887 799 2952 deinde
823 2910 879 2973 pro
902 2889 1055 2953 indicium
1070 2888 1205 2952 alicuius
1219 2887 1267 2951 rei
1292 2885 1419 2966 deferre.

200 2992 250 3057 Ad
272 2995 375 3058 locum
397 2994 430 3056 in
455 2993 493 3059 A.
518 2994 577 3072 ΙΙΙ,
595 2997 646 3074 51,
672 2996 691 3058 8
714 3017 752 3060 ne
773 2995 895 3060 decreto
910 3001 1045 3076 potrum
1067 3002 1137 3059 unte
1159 2996 1322 3059 decumum
1337 2992 1419 3055 ciiern

200 3102 243 3166 ud
266 3102 426 3165 acronium
450 3101 645 3182 deferrentur
672 3124 701 3165 v.
725 3099 912 3185 Nipperdeii
935 3101 1193 3185 explicationem,
1225 3100 1308 3163 unde
1331 3097 1420 3182 origo

202 3208 357 3271 formulae
389 3207 541 3270 sermonis
573 3207 705 3272 forensis
737 3209 947 3293 cognoscitur.
973 3204 1113 3272 differre
1143 3203 1185 3269 ad
1208 3227 1271 3269 uuo
1293 3208 1420 3269 tantum

203 3315 269 3378 loeo
293 3314 338 3376 ita
360 3319 531 3398 usurpatur
554 3313 587 3376 in
612 3315 649 3378 A.
674 3314 733 3392 ΙΙΙ,
758 3317 809 3391 52,
846 3316 882 3377 ll
901 3321 1013 3396 potres
1034 3317 1187 3398 inteprum
1210 3314 1245 3378 id
1266 3312 1422 3395 nepotium

202 3421 246 3486 uel
267 3422 482 3502 imperatorem
505 3421 707 3499 distulerunt5
731 3421 925 3506 singularem
948 3421 1045 3485 etiarn
1068 3421 1154 3484 hunc
1176 3441 1267 3483 usum
1282 3417 1420 3502 Nipper-

203 3527 290 3592 deius
313 3527 393 3591 bene
415 3527 606 3610 comparatis
632 3527 701 3590 aliis
724 3527 800 3591 locis
825 3527 1052 3610 interpretatus
1076 3531 1139 3606 est,
1168 3531 1247 3590 'narn
1271 3525 1304 3589 in
1329 3546 1420 3608 prae·

203 3633 359 3717 positione
379 3634 473 3697 huius
497 3633 558 3698 loci
582 3635 661 3698 duae
684 3633 932 3719 significationes
956 3633 1017 3697 sibi
1041 3632 1219 3712 oconr'runt,
1243 3654 1317 3711 una,
1342 3653 1422 3714 quae

203 3740 245 3803 sit
267 3741 450 3824 temporalis
474 3763 530 3824 pro
557 3763 675 3825 «usque
700 3741 769 3819 adp>
797 3741 913 3817 altera,
937 3763 1018 3824 quae
1042 3741 1142 3805 dativi
1164 3741 1233 3804 loco
1256 3739 1420 3823 fungatur.

203 3847 344 3910 Conferri
368 3849 504 3930 quodam
527 3849 619 3912 modo
643 3853 748 3932 potest
770 3849 857 3913 locus
879 3849 913 3912 in
930 3851 966 3912 A.
983 3849 1008 3926 I,
1029 3850 1080 3926 37,
1106 3849 1124 3910 2
1148 3849 1272 3930 lcrpitic
1295 3847 1422 3928 differe·

203 3955 294 4019 batur
310 3956 344 4016 in
359 3954 488 4019 biberim
503 3957 657 4037 cuiusque,
683 3955 714 4018 h.
733 3977 758 4018 e.
783 3955 815 4017 in
840 3959 976 4039 tempus,
1001 3975 1072 4020 cum
1088 3954 1122 4016 in
1145 3952 1284 4017 hibernis
1307 3956 1420 4030 essent,

203 4061 292 4123 etin
323 4059 465 4123 hibernis
500 4061 705 4144 largitionem
739 4062 806 4126 fieri
840 4062 1102 4126 constituebatur.
1142 4057 1273 4124 referre
1303 4055 1346 4122 ad
1368 4058 1420 4140 (cf.

203 4189 297 4250 supra
319 4190 349 4250 p.
375 4169 416 4229 22
441 4171 473 4231 et
497 4169 562 4250 63).
610 4167 716 4232 Etiam
746 4168 806 4232 hoo
837 4170 967 4232 verbum
997 4189 1060 4232 non
1092 4167 1152 4230 nisi
1183 4167 1217 4230 in
1241 4164 1420 4230 Annalibus

204 4273 321 4338 forensi
343 4296 436 4337 sensu
461 4275 597 4357 positum
621 4280 677 4352 est,
701 4299 777 4339 narn
800 4275 833 4339 in
858 4276 894 4338 G.
915 4277 964 4354 18,
992 4276 1031 4338 14
1047 4295 1215 4356 rursusque
1237 4275 1280 4338 ud
1302 4279 1422 4354 nepotes

204 4382 396 4462 referuntur,
429 4403 486 4464 pro
522 4383 726 4446 «tradantur»
763 4381 828 4444 sive
859 4380 1085 4446 «iiberliefern»
1120 4379 1243 4446 dicitur.
1283 4379 1421 4444 Maxime

205 4491 311 4550 autem
335 4487 368 4550 in
391 4488 527 4552 tonnula
547 4489 604 4578 illa
619 4486 784 4551 notissima
799 4489 915 4568 referre
931 4489 974 4552 od
987 4493 1127 4552 senatum
1151 4486 1201 4550 vel
1219 4493 1329 4567 putres
1341 4485 1422 4568 baec

205 4594 298 4656 verba
321 4595 403 4678 apud
428 4593 573 4658 Tacitum
597 4595 755 4680 leguntur,
780 4594 844 4673 sed,
869 4596 952 4678 quod
975 4595 1192 4659 observatione
1215 4593 1347 4678 dignum
1364 4595 1420 4671 est,
1527 4619 1535 4636 ·
