3314 5274
684 335 902 400 *31-

180 527 291 594 deinde
314 529 398 612 quod
421 531 532 594 contra
554 528 678 594 dicendi
700 551 792 594 usum
816 528 982 594 Tacitenm
1005 533 1063 594 est.
1088 565 1131 578 -·
1154 529 1193 594 In
1217 531 1257 597 H.
1282 531 1323 610 ΙΙ,
1349 532 1401 610 91,

182 641 195 700 l
221 634 450 716 Praeposuerat
471 634 690 716 mauuiauis
720 635 759 700 P.
791 634 945 701 Sabinum
979 657 1001 701 a
1025 639 1228 718 praefectura
1259 639 1401 716 coluriis,

178 741 275 806 codex
295 740 497 826 neglegentia
519 740 640 806 librarii
666 741 710 805 ad
726 741 929 822 praefectura
951 740 1055 806 habet.
1101 742 1170 806 Hoc
1199 744 1402 828 neglegentia

176 845 447 912 tantumtantum
470 869 538 912 esse
561 849 593 911 et
615 846 717 912 forma
740 847 886 912 vocabuli
912 847 1151 931 «praefectura»
1181 848 1340 912 indicatur
1370 854 1403 914 et

177 952 261 1034 qnod
284 953 402 1018 usitata
425 957 473 1018 est
495 953 577 1018 ratio
600 952 723 1018 dicendi
746 957 925 1038 argenteae,
950 975 1032 1036 quae
1048 954 1182 1031 dicitnr,
1207 955 1341 1033 aetatis,
1365 959 1402 1019 nt

177 1058 297 1122 nomini
328 1079 477 1142 personne
508 1061 750 1142 apraefecturo
771 1061 917 1140 colorliS,
938 1081 959 1123 a
982 1060 1106 1138 libellis,
1138 1061 1177 1125 ad
1205 1062 1356 1142 epistolis,
1381 1085 1401 1126 a

177 1165 353 1231 rationibus
376 1168 409 1228 et
432 1165 546 1230 similia
570 1165 738 1242 addantur,
762 1188 791 1230 r.
816 1164 854 1228 A.
879 1164 949 1244 XV,
975 1165 1027 1244 35,
1054 1167 1083 1243 7,
1107 1165 1147 1229 de
1169 1187 1231 1248 quo
1251 1167 1292 1230 ci.
1309 1167 1400 1230 Han·

177 1271 263 1334 dium
282 1271 341 1337 ll
359 1270 384 1350 Ι,
405 1293 434 1355 p.
449 1272 490 1334 59
507 1275 540 1336 et
555 1271 768 1350 Friedliinder,
795 1271 1044 1356 Darstellungen
1066 1293 1123 1335 ans
1142 1272 1171 1336 d.
1186 1269 1398 1358 Sittengesch.

179 1375 284 1454 Roma,
307 1375 333 1455 Ι,
357 1399 388 1459 p.
415 1378 477 1440 152
501 1399 570 1460 sqq.
618 1376 688 1452 Qua
710 1377 749 1442 de
780 1398 873 1440 causa
897 1375 1070 1440 refellenda
1100 1377 1258 1441 sententia
1281 1377 1400 1443 Handii

178 1483 215 1562 (l,
242 1505 271 1566 p.
297 1484 363 1565 95),
389 1505 459 1546 enm
483 1483 594 1548 alienia
618 1483 770 1567 exemplis
792 1483 941 1546 mendum
965 1482 1085 1548 librarii
1108 1483 1301 1548 defenderet.
1323 1521 1359 1530 -

602 1714 633 1790 d.
662 1712 758 1808 ‚,Ad“
789 1713 973 1790 omittitur.

158 1902 164 1906 ’
265 1907 302 1970 In
326 1907 478 1990 scriptore
513 1907 569 1990 qni
597 1910 762 1991 tantopere
795 1908 1001 1972 variationem
1034 1908 1153 1992 diligit,
1189 1909 1304 1972 mirum
1335 1931 1398 1971 non

178 2018 237 2092 est,
259 2013 342 2096 quod
366 2013 490 2097 saepius
513 2013 777 2098 praepositionem
803 2015 881 2078 «ad»
907 2014 1061 2092 omiserit,
1086 2013 1140 2076 nbi
1172 2036 1242 2078 eam
1272 2035 1399 2097 exspec-

179 2120 323 2184 tabamus
348 2124 403 2184 ant
426 2119 491 2198 ubi,
514 2121 540 2184 ai
564 2119 603 2184 ad
627 2120 706 2184 alios
728 2121 813 2184 locos
829 2120 1020 2204 respicimus,
1038 2142 1070 2184 re
1087 2142 1160 2184 vera
1177 2143 1247 2184 eam
1263 2121 1398 2205 scripsit,

179 2247 370 2308 quamquam
401 2226 465 2290 iarn
495 2221 617 2306 verbis,
648 2248 728 2309 quae
763 2227 872 2292 omnia
902 2231 977 2290 sunt
1009 2248 1081 2290 cnm
1111 2225 1398 2310 praepositionibus

179 2332 361 2415 composita,
386 2333 575 2398 continetur.
607 2331 780 2411 Nonnulla,
805 2331 888 2417 qua'e
904 2333 966 2398 huc
983 2333 1156 2417 pertinent,
1185 2333 1215 2396 ei
1230 2355 1302 2398 cnm
1326 2333 1398 2416 plu-

179 2438 262 2503 rimis
295 2438 486 2522 scriptorum
517 2439 696 2502 communia
726 2444 810 2504 sunt.
863 2439 975 2521 ltaque
1008 2437 1151 2502 Ciceroni
1180 2459 1253 2502 raro
1284 2439 1399 2504 dicitur

183 2545 266 2608 adire
286 2545 329 2608 ad
351 2545 496 2628 aliquem,
522 2544 574 2626 (cf.
597 2545 738 2628 exempla
763 2545 849 2627 apud
872 2544 1035 2608 Handium
1058 2543 1084 2622 Ι,
1108 2567 1137 2627 p
1163 2545 1203 2608 77
1228 2546 1260 2608 et
1283 2566 1321 2608 ex
1343 2567 1397 2609 re·

179 2653 279 2713 terum
302 2651 489 2734 scriptorum
512 2671 572 2714 usu
596 2650 682 2734 apud
705 2648 819 2714 Holtne
843 2648 933 2733 Synt.
967 2648 993 2713 I.
1029 2672 1059 2734 p.
1086 2651 1163 2727 198,
1193 2671 1231 2714 ex
1263 2650 1398 2714 aliorum

179 2755 300 2838 scriptis
323 2757 410 2839 apud
438 2754 660 2836 Foroellininm
690 2779 714 2820 s.
745 2779 773 2820 v.
805 2755 921 2838 adire),
954 2757 1039 2838 quod
1066 2754 1191 2819 Livium
1222 2777 1397 2838 numquam

178 2861 292 2926 habere
308 2861 588 2928 Drakenborchius
612 2862 799 2940 observavit,
818 2883 921 2944 neque
944 2860 1067 2945 saepius
1091 2861 1171 2924 dixit
1188 2860 1293 2925 Cicero
1310 2861 1399 2925 adire

178 2967 220 3030 acl
242 2968 291 3032 vel
313 2969 347 3034 iu
370 2969 477 3034 locum.
517 2968 647 3032 Tacitus
671 2973 778 3032 auum
801 2969 888 3032 nullo
912 2969 982 3032 loco
1006 2967 1271 3051 praepositionem
1287 2966 1396 3045 habet,

177 3095 278 3155 neque
300 3074 327 3138 si
349 3074 388 3138 ad
411 3095 563 3158 personas
586 3096 688 3156 neque
711 3074 737 3137 si
760 3075 799 3140 ad
823 3075 928 3138 locum
951 3074 1083 3138 verbum
1106 3073 1246 3137 refertur.
1259 3073 1282 3155 ¹)
1306 3071 1396 3136 Non·

178 3179 264 3242 nulla
286 3182 413 3243 tantum
437 3181 581 3264 exempla
595 3180 747 3259 adferam,
771 3180 804 3243 in
828 3180 943 3262 quibus
966 3180 1007 3244 ad
1031 3181 1134 3243 locum
1158 3179 1306 3262 pertinet,
1324 3201 1396 3242 cnm

176 3286 276 3348 multa
299 3285 361 3353 alia
384 3286 515 3370 reperiri
537 3286 675 3370 possint:
699 3286 733 3350 in
757 3285 794 3350 G.
823 3288 849 3364 1,
875 3287 895 3348 9
913 3285 1024 3366 pluris
1040 3285 1172 3366 poprdos
1187 3285 1256 3349 adit
1271 3283 1395 3367 (Danu-

176 3390 275 3474 vius);
300 3392 351 3470 21,
379 3393 419 3455 10
437 3393 616 3473 proximam
638 3392 763 3458 domum
785 3411 845 3456 uou
867 3392 994 3455 iuutati
1015 3391 1146 3469 odeuut3
1169 3390 1210 3454 H.
1233 3389 1259 3469 Ι,
1283 3392 1395 3469 23,10

177 3493 371 3578 Campaniae
382 3497 468 3564 locus
484 3503 512 3562 et
527 3499 670 3564 Achaiae
685 3498 778 3562 urbes
794 3497 960 3573 elusatum
978 3498 1030 3574 52,
1048 3497 1210 3561 aliterue
1225 3498 1396 3579 lepiouuuu

175 3602 213 3667 A.
237 3603 287 3681 H,
313 3604 371 3683 13,
397 3605 416 3666 2
441 3610 612 3668 castruum
635 3605 718 3680 oias;
742 3604 850 3686 itaque
873 3603 970 3667 etiam
994 3603 1099 3666 adres
1116 3603 1292 3666 abstractas
1308 3624 1396 3666 acee-

175 3710 234 3774 dit:
258 3710 293 3774 in
316 3708 353 3775 G.
379 3710 431 3789 24,
457 3711 476 3773 9
500 3711 710 3798 uoluntariam
732 3711 924 3783 sanitatum
955 3709 1014 3786 38,
1040 3708 1081 3771 13
1104 3708 1196 3783 della3
1220 3707 1259 3772 A.
1282 3707 1317 3786 1,
1344 3710 1395 3788 39,

173 3816 216 3880 25
240 3815 259 3854 *
281 3822 431 3898 quantum
446 3817 601 3884 dedecoris
616 3817 733 3882 adierit
756 3816 847 3898 le9i03
862 3815 903 3879 A.
921 3814 964 3893 Π,
982 3815 1034 3893 48,
1054 3815 1073 3877 8
1089 3835 1185 3896 ueque
1197 3813 1397 3880 hereditatem

173 3923 358 4003 cuiusquam
382 3922 477 4000 adiit,
501 3943 597 4006 quam
613 3945 630 3986 e
645 3943 788 3987 sermone
809 3921 947 3986 iudiciali
962 3921 1163 4004 desumptam
1177 3941 1284 3984 vocem
1300 3919 1395 3983 etiam

174 4025 282 4091 Cicero
303 4028 411 4107 habet,
437 4028 490 4112 (cf.
515 4028 660 4112 exempla
682 4028 768 4113 apud
790 4026 1015 4093 Forcellininm
1037 4048 1061 4091 s.
1086 4047 1115 4091 v.
1141 4025 1248 4108 adire).
1278 4024 1396 4089 Contra

264 4220 283 4288 ¹)
303 4223 365 4276 Uno
377 4223 488 4276 tantum
508 4221 576 4285 loca,
589 4220 638 4289 qui
652 4224 695 4276 est
713 4221 743 4275 in
755 4221 788 4276 A.
807 4220 855 4284 IV,
874 4221 918 4289 36,
936 4219 961 4283 4,
981 4219 1153 4289 praepositio
1171 4215 1202 4272 in
1220 4218 1258 4273 ad
1277 4219 1394 4273 verbnm

171 4309 297 4363 adeundi
315 4310 447 4379 pertinet,
465 4312 562 4364 tamen
580 4312 613 4364 ut
631 4309 816 4373 accusativus,
835 4327 890 4378 quo
909 4325 1006 4363 verum
1018 4308 1159 4362 obiectum
1171 4307 1252 4362 verbi
1265 4306 1395 4370 efficitur,

172 4398 256 4450 simul
276 4398 383 4467 positus
403 4398 456 4462 sit;
476 4398 563 4452 verba
581 4400 659 4452 sunt:
676 4404 707 4452 ut
725 4397 890 4451 --Drusum
905 4427 936 4436 -·
951 4397 1053 4451 adierit
1070 4395 1236 4464 Calpurnius
1246 4395 1395 4450 Saluianus

170 4487 202 4540 iu
221 4485 332 4540 Samara
349 4485 484 4553 Marium,
504 4501 576 4554 quae
595 4485 715 4539 Rothins
734 4485 805 4539 bene
824 4485 924 4540 vertit:
943 4485 1007 4540 dass
1021 4484 1095 4553 cap.
1108 4483 1255 4540 Saluianus
1272 4485 1304 4538 iu
1321 4484 1396 4539 eiuer

170 4573 256 4629 Socha
274 4591 357 4644 pepeu
374 4573 446 4630 Saul.
464 4573 576 4628 Marius
593 4589 642 4628 cor
659 4572 773 4628 Drusus
793 4602 825 4612 —-
843 4573 913 4628 lam.
