3314 5274
667 389 881 456 ..17-

163 590 209 670 40,
234 590 273 666 2,
305 587 356 668 41,
381 589 401 651 6
425 585 442 626 *
465 587 508 652 66
533 586 684 653 Treveros
706 591 733 652 61
754 591 899 652 externae
919 585 1013 668 6661,
1044 583 1102 682 111,
1128 585 1156 667 8,
1182 587 1201 651 2
1225 585 1380 654 661166-

161 717 240 776 366,
262 695 320 772 IV,
346 695 396 772 52,
422 695 440 758 7
464 695 508 758 od
524 693 703 773 7116661666,
726 691 781 770 71,
799 693 829 770 5,
856 693 873 756 7
899 693 943 758 66
960 697 1109 774 paternos
1124 696 1292 776 6666611663,
1307 694 1380 774 XII,

163 803 211 880 44,
236 804 275 866 17
300 802 342 866 66
359 807 532 882 66166666,
556 798 613 876 17,
631 799 683 877 74,
711 799 750 862 15
774 799 855 882 qaod
878 799 1006 882 6613666
1029 800 1381 884 6666661166666661.

164 908 308 972 Notauda
331 907 410 970 mihi
434 928 500 971 esse
523 906 649 972 videtur
672 905 838 970 collocatio
866 906 971 984 verbi,
997 907 1120 990 'quippe
1152 906 1236 996 quod
1259 895 1383 992 semper

164 1013 426 1099 praepositionem
451 1011 619 1097 praecedat
642 1016 769 1096 praeter
792 1012 897 1078 locum
928 1011 961 1076 in
985 1012 1024 1077 A.
1047 1011 1110 1091 ΠΙ,
1142 1012 1177 1091 8,
1210 1013 1229 1076 2
1254 1014 1322 1092 ubi,
1356 1017 1383 1080 si

158 1121 261 1203 perpit
291 1121 553 1202 anteponeretur,
586 1119 648 1181 duo
671 1117 768 1182 verba
790 1118 939 1196 molliret,
960 1120 1075 1202 perpet,
1101 1139 1167 1181 sese
1191 1118 1382 1204 exciperent,

163 1231 193 1289 et
214 1226 247 1288 in
270 1225 291 1289 l.
315 1223 371 1302 IV,
397 1225 448 1302 74,
475 1225 515 1287 15
539 1223 594 1308 qui
617 1225 703 1288 locus
726 1247 791 1288 non
814 1224 848 1287 in
865 1224 1045 1288 narratione
1062 1224 1114 1288 sed
1131 1224 1164 1286 in
1182 1224 1266 1290 dicto
1281 1229 1382 1312 ipsius

163 1330 321 1414 scriptoris
351 1334 408 1398 est.
450 1325 573 1393 advehi
604 1327 665 1399 ad:
700 1329 734 1394 iu
760 1330 794 1395 A.
819 1329 844 1407 I,
878 1331 929 1406 51,
965 1331 1003 1394 16
1030 1328 1150 1396 Caesar
1172 1331 1316 1396 66666163
1343 1331 1385 1417 ad

162 1438 391 1502 616663166663.
445 1430 589 1516 pervehi
615 1431 705 1519 ad:¹)
728 1436 761 1498 iu
786 1435 827 1504 H.
851 1435 893 1514 Π,
919 1436 948 1513 4,
974 1437 993 1499 8
1017 1437 1060 1501 66
1086 1443 1233 1520 ponera,-
1267 1435 1306 1516 V,
1333 1440 1383 1518 16,

165 1545 203 1608 17
223 1550 387 1626 pervectus
409 1542 452 1608 66
476 1542 699 1608 Germanicam
722 1545 1011 1608 6666116366663
1034 1543 1183 1608 tendebat.

249 1663 367 1730 venire
392 1663 607 1750 61110161).
633 1670 663 1746 2,
689 1669 707 1730 5
732 1667 942 1733 6666666166
964 1687 1049 1740 6666,
1081 1667 1110 1745 6,
1135 1668 1155 1731 9
1180 1667 1224 1733 66
1245 1669 1386 1736 iuuenem

163 1783 191 1842 et
216 1795 409 1856 66666666,
439 1775 490 1852 35,
525 1774 567 1836 23
590 1773 633 1838 66
655 1794 740 1838 aeros
763 1774 901 1854 1661663,
934 1773 962 1852 8,
994 1773 1082 1838 666
1104 1773 1162 1839 663
1189 1811 1223 1819 -
1250 1795 1322 1858 opas
1345 1815 1386 1823 —

163 1883 293 1959 6661336,
326 1878 521 1943 simillimum
553 1882 679 1943 nostro:
716 1901 752 1942 zu
785 1887 882 1944 etwas
906 1878 1073 1956 konnen,
1110 1881 1168 1959 33,
1201 1882 1243 1944 25
1267 1883 1310 1947 66
1332 1905 1387 1949 eos

164 1985 412 2066 exercitationem
441 1989 512 2048 tum
536 1989 642 2084 autem
665 1984 703 2048 de
726 2007 786 2048 usu
808 1983 902 2048 huius
925 1983 1013 2048 verbi
1035 1983 1220 2065 dicendum,
1244 1990 1299 2071 qui
1322 2013 1385 2056 non

165 2094 225 2157 nisi
246 2093 281 2156 in
305 2092 441 2176 Dialogo
464 2091 642 2176 reperiatur
665 2090 773 2174 etqui
798 2090 988 2174 respondeat
1010 2091 1067 2166 illi,
1097 2113 1160 2175 quo
1183 2093 1323 2158 transire
1345 2093 1388 2159 66

164 2200 198 2264 16
223 2199 332 2263 eodem
355 2197 462 2263 libello
485 2197 631 2282 usurpari
653 2197 800 2263 vidimus.
825 2195 974 2282 Legimus
995 2197 1080 2261 enim
1103 2196 1138 2261 iu
1161 2220 1187 2264 o.
1206 2199 1256 2277 18,
1281 2201 1322 2262 29
1347 2199 1389 2264 66

163 2305 303 2389 stapulas
324 2305 464 2385 6661661,
498 2303 587 2368 etin
611 2326 636 2368 c.
662 2304 722 2382 21,
754 2306 769 2367 1
796 2303 851 2369 Aa
874 2303 1051 2370 Ciceronem
1079 2306 1176 2373 66616.
1223 2305 1330 2382 Quod,
1363 2304 1389 2368 ei

165 2411 352 2476 bremtatem
376 2410 504 2494 Dialogi
526 2409 724 2495 respicimur,
748 2414 815 2474 tam
838 2432 932 2493 saepe
956 2409 1086 2476 Tacitus
1115 2411 1320 2496 pronuntiat,
1356 2433 1388 2474 se

166 2519 204 2581 ad
227 2539 344 2582 novum
368 2537 497 2601 pergere
522 2517 602 2580 velle
633 2519 666 2579 et
696 2517 838 2601 nondum
861 2516 986 2579 facilem
1014 2518 1186 2581 transitum
1209 2518 1273 2581 fere
1297 2517 1389 2601 iguo·

164 2625 308 2688 rantibus
333 2623 385 2702 eis,
410 2622 464 2705 qui
488 2623 609 2708 legunt,
634 2621 772 2705 reperire
795 2626 911 2706 potest,
935 2623 985 2685 vel
1008 2622 1154 2705 inprimis
1173 2621 1252 2685 mihi
1268 2623 1390 2686 adules-

164 2729 264 2793 centis
283 2751 349 2793 esse
369 2728 504 2806 videtur,
529 2727 584 2811 qui
607 2728 641 2790 in
666 2727 830 2792 scribendo
853 2727 995 2792 nondum
1018 2729 1155 2793 multum
1178 2731 1319 2792 versatus
1337 2729 1389 2795 sit.

171 2873 201 2879 -
232 2835 271 2900 In
294 2835 331 2899 G.
358 2836 409 2913 31,
435 2834 476 2912 14
499 2841 592 2915 prout
615 2834 659 2899 66
681 2854 828 2916 quemque
849 2855 976 2916 aeaere;
998 2833 1044 2926 H.
1064 2835 1106 2914 Π,
1133 2835 1185 2914 41,
1212 2835 1229 2898 1
1254 2835 1299 2900 66
1314 2835 1390 2902 066-

164 2943 290 3020 616666,
314 2939 371 3017 ΠΙ,
397 2942 448 3020 79,
476 2947 491 3005 1
517 2941 560 3005 66
583 2939 672 3006 Scau
693 2941 801 3019 66166,
825 2940 860 3005 16
884 2962 946 3024 quo
969 2940 1096 3005 nomine
1113 2940 1222 3026 oppidi
1239 2942 1276 3006 de
1291 2941 1393 3024 prima

165 3047 398 3130 significatione
423 3045 589 3130 cogitatur,
621 3069 719 3130 quare
743 3047 935 3131 praepositio
959 3047 1135 3112 omIttenda
1158 3069 1224 3110 non
1247 3053 1326 3126 erat,
1350 3048 1390 3111 cf.

166 3151 326 3216 Greafium
349 3176 380 3238 p,
405 3155 464 3230 21;
488 3152 529 3220 Η.
554 3152 610 3230 III,
636 3153 687 3232 80,
715 3155 753 3216 15
778 3154 821 3218 66
843 3153 1032 3234 46166166,
1054 3152 1112 3232 17,
1136 3153 1166 3233 4,
1194 3155 1232 3216 15
1256 3155 1301 3219 66
1315 3155 1392 3219 Η61-
1444 3212 1447 3218 ,

164 3258 365 3332 61616611.
391 3258 416 3336 I,
441 3261 494 3337 26,
521 3260 561 3321 10
585 3257 602 3296 *
625 3260 669 3324 66
691 3280 743 3332 36,
773 3259 824 3337 50,
851 3260 891 3322 13
915 3259 958 3324 66
980 3261 1063 3324 eicos
1086 3259 1274 3324 Marsorum
1283 3285 1292 3340 ;
1318 3258 1392 3339 XII,

166 3366 220 3443 35,
245 3366 264 3428 8
289 3365 332 3430 66
354 3385 519 3448 66966666,
548 3365 601 3441 49,
626 3365 643 3428 7
669 3365 712 3428 66
734 3365 977 3445 Radamistum
1008 3363 1097 3443 XIV,
1120 3366 1152 3443 8,
1183 3366 1394 3447 lacerares

164 3469 299 3535 eradicati
307 3493 318 3549 ,·
347 3470 408 3556 Ag.
434 3472 485 3549 18,
510 3473 552 3534 25
576 3471 621 3534 66
642 3471 768 3550 6611666,
797 3469 838 3537 Η.
862 3469 904 3549 II,
929 3471 981 3550 68,
1007 3473 1047 3534 16
1071 3472 1115 3535 66
1130 3471 1289 3552 proelium
1297 3497 1308 3553 ,·
1330 3471 1392 3558 Ag.

165 3578 225 3655 28,
261 3578 301 3640 10
324 3577 368 3641 66
391 3575 723 3659 3616666661666166;
756 3574 797 3639 Η.
823 3575 871 3653 V,
904 3578 964 3654 25,
998 3577 1039 3641 16
1062 3575 1080 3614 *
1103 3577 1147 3642 66
1177 3583 1325 3642 66166666.
1350 3615 1393 3624 —
1483 3575 1486 3586 '

167 3781 383 3790 ——-—n—--—

262 3910 282 3979 ¹)
300 3905 425 3978 perveni
443 3904 491 3963 ine
510 3909 546 3964 H.
564 3908 600 3978 II,
618 3908 643 3976 9,
662 3907 693 3962 11
714 3907 820 3962 Aetam.

262 4014 284 4085 2)
304 4011 406 4068 venire
427 4012 474 4071 ine
502 4015 536 4071 D.
556 4015 597 4080 10,
618 4015 649 4079 7,
676 4015 711 4068 H.
730 4013 750 4080 I,
770 4014 813 4078 85,
833 4015 861 4079 9,
880 4013 913 4068 A.
933 4015 968 4078 11,
987 4015 1012 4079 2,
1031 4015 1062 4078 2,
1089 4013 1138 4078 71,
1156 4014 1200 4080 37,
1220 4015 1248 4079 1,
1271 4015 1333 4079 XII,
1351 4017 1395 4078 37,

165 4107 273 4172 2161
291 4105 352 4170 XV,
371 4104 413 4167 24,
433 4106 462 4158 9:
480 4105 586 4172 666666,
606 4131 638 4142 -
658 4103 692 4157 H.
712 4102 762 4166 III,
782 4103 824 4165 55,
844 4103 891 4166 16,
910 4101 959 4170 IV,
981 4103 1021 4166 59,
1041 4103 1071 4166 7,
1090 4101 1122 4156 A.
1142 4101 1190 4172 VI,
1209 4103 1253 4168 43,
1274 4104 1316 4169 13,
1334 4103 1395 4170 XV,

165 4195 212 4259 28,
236 4194 281 4249 14:
301 4193 511 4262 enatem-Ag.
528 4195 572 4261 40,
591 4193 625 4245 14
644 4193 796 4260 Palatium
815 4191 847 4246 G.
863 4191 904 4255 14,
924 4191 937 4244 1
959 4192 1057 4258 661666,
1076 4190 1108 4244 A.
1128 4189 1176 4259 VI,
1196 4191 1239 4255 34,
1258 4191 1396 4262 2616666-

164 4289 241 4350 1666,
265 4283 312 4346 XI,
334 4284 380 4346 16,
406 4283 440 4336 20
458 4299 585 4352 6666666,
611 4282 655 4344 21,
672 4283 689 4334 6
708 4281 928 4350 1666616666,
955 4279 1033 4348 XIII,
1050 4279 1099 4342 88,
1128 4278 1397 4348 6*16616666613,

165 4372 245 4436 XIV,
265 4372 308 4435 24,
327 4372 343 4424 5
362 4371 433 4425 16663
452 4371 551 4438 661163,
570 4370 644 4433 XVI,
663 4370 705 4432 26,
725 4370 759 4422 20
777 4368 791 4398 *
809 4374 947 4435 36661666,
965 4397 999 4405 -
1018 4367 1051 4420 D.
1070 4369 1115 4435 37,
1134 4367 1162 4434 6,
1182 4367 1216 4422 Η.
1230 4367 1278 4431 IV,
1292 4369 1334 4436 71,
1347 4368 1396 4434 25,

166 4460 213 4523 76,
235 4460 267 4513 17
287 4463 303 4524 †
322 4462 352 4514 et
370 4459 403 4512 A.
421 4459 470 4526 IV,
490 4459 532 4527 11,
553 4460 601 4512 17:
620 4459 652 4512 16
669 4473 769 4512 666663
788 4455 936 4524 (alicuius),
956 4457 984 4508 in
1004 4453 1036 4508 A.
1054 4454 1090 4518 Π,
1110 4453 1152 4518 80,
1172 4455 1205 4508 16
1225 4455 1323 4509 eadem
1342 4454 1397 4510 for-

166 4547 250 4600 mula
267 4565 319 4616 pro
337 4563 415 4602 voce:
434 4565 561 4616 pugnam
580 4563 737 4611 conserere3
767 4545 798 4598 A.
817 4544 838 4610 I,
861 4546 903 4612 57,
925 4544 1021 4612 18511,
1043 4543 1085 4612 10,
1103 4543 1120 4596 2
1139 4542 1165 4611 *,
1190 4542 1267 4606 ΧΙΠ,
1285 4543 1328 4606 39,
1348 4540 1395 4596 261

165 4638 200 4689 16
221 4636 397 4704 deditionem,
417 4664 448 4672 —
469 4634 501 4689 A.
520 4636 542 4699 Ι,
562 4635 605 4705 72,
624 4635 641 4688 8
659 4633 862 4714 1661616611).
881 4633 1132 4696 41,46116616666.

1202 4738 1219 4790 2
