3314 5274
709 389 747 398 ..
795 353 926 416 26..

201 547 285 632 quod
309 547 480 626 vocabulis,
506 529 586 630 quae
602 569 641 612 ex
656 549 894 632 praepositione
910 551 1063 632 pendent,
1088 549 1211 612 hostilis
1235 548 1332 612 notio
1347 547 1430 610 inest

143 677 146 682 ·
202 657 257 718 aut
273 654 356 737 quod
372 656 504 738 propter
523 676 638 717 nexum
655 655 887 718 sententiarum
899 655 938 719 de
956 655 1066 720 hostili
1083 654 1206 737 impetu
1222 653 1357 740 cogitari
1370 675 1428 736 po-

200 763 272 838 test,
294 781 466 842 numquam
485 762 591 824 autem
610 759 642 822 ia
660 759 730 843 ipsa
746 761 977 844 praepositione
995 759 1117 824 hostilis
1138 761 1225 824 notio
1241 761 1346 844 posita
1369 762 1426 823 est.

199 863 271 929 Non
296 887 491 948 separassem
513 867 591 930 haec
614 865 760 949 exempla
784 888 802 928 a
826 852 1052 949 superioribus,
1077 865 1140 929 nisi
1163 889 1181 930 a
1204 866 1428 930 vetustioribus

200 971 430 1056 grammatica,
461 991 540 1052 quos
563 970 627 1035 iam
651 969 797 1034 Handius
820 971 854 1036 in
878 972 968 1040 Ture.
993 971 1024 1050 I,
1059 995 1090 1055 p.
1117 972 1159 1035 84
1181 971 1311 1050 refellit,
1345 971 1429 1036 hane

200 1079 264 1142 vim
299 1076 565 1161 praepositionem
604 1077 678 1140 «ad»
717 1075 834 1141 habere
867 1078 1087 1144 adseveratum
1117 1073 1240 1161 esset.¹)
1275 1089 1427 1156 pergere

201 1178 258 1244 ad:
283 1183 316 1244 in
338 1179 380 1248 H.
404 1180 462 1260 IV,
486 1183 538 1261 26,
566 1182 606 1245 12
628 1201 684 1246 nea
706 1181 778 1246 ausi
799 1181 844 1246 ael
866 1183 979 1248 laniem
995 1202 1146 1271 perperc3
1169 1183 1315 1266 idemque
1337 1183 1371 1245 in
1387 1181 1426 1250 A.

199 1287 255 1366 IV,
280 1288 332 1366 47,
357 1288 387 1350 4.
412 1283 633 1351 (laniandam
658 1284 716 1350 ad:
741 1287 774 1350 iu
798 1285 838 1351 H.
861 1287 917 1366 IV,
943 1289 996 1367 57,
1023 1291 1038 1351 1
1070 1290 1187 1355 Vocula
1206 1325 1242 1334 -
1258 1291 1301 1354 ael
1314 1290 1429 1354 lcaslem

199 1395 489 1459 conterminare
516 1390 574 1456 ad:
606 1393 640 1456 ia
672 1393 713 1457 H.
738 1392 803 1472 III,
839 1394 895 1472 79,
927 1396 1130 1460 dincarrlam
1151 1402 1179 1460 cl
1201 1401 1363 1478 tamquam
1385 1395 1428 1459 arl

200 1502 295 1566 ciclos
318 1506 457 1564 ruentem
484 1499 711 1564 Vitelliani-
737 1519 891 1581 accepere.
927 1495 1127 1580 inrumpere
1159 1497 1215 1564 ad:
1247 1501 1281 1563 in
1304 1498 1345 1563 A.
1370 1498 1425 1579 XI,

202 1607 259 1684 17,
290 1609 309 1669 2
333 1627 395 1670 non
417 1607 495 1670 enim
518 1607 680 1686 inrupisse
702 1607 745 1670 acl
767 1607 895 1681 invitam
920 1606 952 1669 iu
977 1607 1018 1674 H.
1043 1607 1068 1685 Ι,
1095 1608 1150 1685 79,
1176 1610 1210 1686 3,
1234 1607 1289 1671 ubi
1312 1605 1427 1670 codicis

192 1704 358 1796 ¹scriptura
383 1715 447 1776 est:
472 1711 515 1776 ad
537 1711 694 1794 Moesiam
715 1713 915 1793 inruperant,
939 1715 1024 1776 reete
1047 1709 1195 1776 Halmius
1219 1711 1427 1797 praepositio-

199 1839 273 1880 nem
300 1818 376 1881 «ad»
404 1817 530 1881 eiecisse
554 1817 688 1894 videtur,
713 1839 785 1880 cum
808 1817 947 1895 Tacitus,
971 1818 997 1880 si
1020 1815 1059 1882 de
1080 1819 1289 1902 irrumpendo
1311 1818 1345 1880 in
1362 1821 1426 1880 ter·

201 1943 269 1985 ram
293 1923 358 1986 sive
381 1923 484 1986 iocum
507 1923 632 2002 diceret,
657 1945 779 2007 semper
802 1924 868 1986 solo
891 1923 1070 1987 accusativo
1093 1943 1131 1986 ex
1155 1924 1249 1987 rerba
1269 1923 1426 2012 vpendenti

200 2049 277 2092 usus
293 2029 344 2107 sit,
370 2032 402 2093 et
418 2050 481 2091 non
505 2029 566 2091 nisi
589 2028 616 2091 si
638 2029 676 2092 de
699 2029 840 2112 personis
856 2030 1047 2112 loqueretur,
1074 2029 1325 2114 praepositiones
1345 2030 1421 2092 rad»

201 2134 283 2219 (Ioco
308 2135 400 2199 modo
425 2135 567 2218 laudato)
593 2138 627 2198 et
652 2135 723 2198 «iu»
751 2136 901 2219 posuerIt.
940 2135 988 2200 De
1011 2136 1061 2200 his
1084 2140 1228 2200 accurate
1250 2136 1426 2220 disputarit

201 2238 386 2304 Walfflinus
408 2241 442 2304 in
466 2239 580 2305 Philol.
605 2235 746 2315 XXVII',
783 2263 814 2324 p.
849 2242 925 2320 138,
960 2242 1015 2324 qui
1044 2243 1079 2305 in
1104 2242 1327 2307 enumerandis
1350 2240 1426 2305 loeis

200 2345 240 2410 A.
265 2345 307 2423 II,
334 2348 384 2425 ll,
410 2348 450 2409 12
475 2348 679 2413 densissimos
700 2349 895 2429 inrumpens,
912 2383 956 2394 -
972 2348 1107 2411 fortasse
1124 2349 1270 2413 consulto
1291 2385 1326 2394 -
1345 2348 1425 2410 orni·

200 2453 251 2529 sit,
276 2451 331 2516 ubi
353 2453 391 2516 de
415 2453 557 2536 personis
581 2453 708 2536 quidem
731 2475 834 2517 sermo
857 2457 919 2533 est,
957 2455 1010 2517 sed
1043 2455 1148 2538 potius
1179 2455 1217 2518 de
1244 2454 1313 2518 loco
1341 2453 1425 2536 eogi-

199 2560 304 2636 tatur,
336 2558 430 2641 quasi
461 2559 557 2622 verba
590 2564 708 2626 essent:
740 2559 794 2623 ubi
822 2559 1005 2624 densissime
1032 2561 1139 2624 hostes
1167 2559 1302 2624 coartati
1324 2549 1424 2622 erant.

200 2663 351 2727 Similiter
374 2665 406 2727 iu
430 2664 469 2730 A.
494 2663 520 2743 Ι,
546 2666 602 2743 51,
630 2667 670 2728 14
694 2668 877 2731 nouissimos
898 2668 1066 2746 incarrere,
1092 2667 1144 2746 (of.
1170 2665 1247 2734 Sall.
1270 2666 1346 2750 Jug.
1371 2667 1422 2742 97,

201 2775 221 2830 4
243 2771 279 2833 r'n
300 2775 418 2835 nostros
440 2773 621 2849 incurrunl;
660 2773 731 2850 101,
750 2774 776 2834 ’8
799 2773 931 2836 Mauris
954 2772 1112 2856 incurrit).
1137 2769 1232 2836 farre
1257 2769 1301 2835 ad
1324 2773 1357 2834 in
1381 2771 1423 2834 H.

199 2875 258 2952 III,
291 2877 343 2954 27,
377 2877 396 2938 8
429 2878 709 2943 lerliaclecumanos
741 2879 784 2943 arl
807 2877 1005 2943 Brixianam
1027 2885 1153 2961 partam
1177 2881 1312 2960 impetus
1344 2877 1424 2956 lulr'l,

200 2981 255 3045 ubi
277 2981 315 3044 de
340 2981 406 3045 loeo
430 2980 532 3046 solum
556 2983 671 3067 agitur.
698 2980 825 3046 ducere
851 2980 908 3047 ad:
932 2985 965 3047 in
990 2981 1031 3047 H.
1055 2983 1112 3063 IV,
1137 2985 1196 3063 58,
1221 2985 1265 3047 25
1286 2984 1308 3064 †
1329 2985 1359 3048 si
1381 2984 1425 3047 ael

198 3089 319 3153 moenia
340 3088 430 3154 urbis
453 3087 607 3155 Germani
629 3088 777 3172 Gallique
803 3091 971 3167 damarim
1003 3089 1043 3154 A.
1072 3091 1106 3170 Ι,
1135 3092 1195 3171 60,
1227 3093 1268 3154 13
1299 3091 1425 3155 ductum

293 3351 313 3419 ¹)
331 3354 421 3408 Multo
440 3352 552 3424 saepius
570 3353 743 3424 praepositio
763 3354 826 3408 ‹in›
848 3355 950 3418 verbis,
970 3372 1042 3424 quae
1060 3353 1194 3410 hostilem
1212 3354 1355 3409 notionem
1374 3356 1424 3408 aut

199 3459 251 3510 per
269 3440 382 3510 seipsa
401 3443 451 3496 aut
469 3459 543 3495 nexu
562 3444 718 3496 ceterorum
740 3444 889 3498 verborum
907 3443 1042 3507 habeant,
1061 3441 1234 3512 adiungitur,
1262 3442 1340 3496 euius
1358 3459 1424 3495 usus

199 3529 330 3598 exempla
350 3547 384 3584 ex
403 3530 517 3600 sumptis
536 3529 659 3585 Taciteis
682 3530 730 3584 hie
754 3531 879 3600 proferre
897 3530 1013 3600 longum
1037 3533 1122 3600 esset,
1147 3547 1214 3586 nam
1232 3545 1347 3584 numero
1365 3529 1423 3584 fero
1503 3559 1510 3566 ·

199 3621 334 3673 sexcenta
352 3621 426 3672 suut.
455 3619 562 3673 Paucos
587 3622 700 3674 tantum
719 3619 806 3684 locos,
835 3621 885 3688 qui
907 3620 1075 3674 insolentius
1098 3621 1242 3684 dieantur,
1262 3619 1423 3674 adscribere

198 3706 297 3764 lineat:
317 3708 350 3761 H.
371 3708 420 3772 IV,
440 3709 482 3772 31,
499 3699 518 3761 5
538 3709 600 3777 quie
618 3726 665 3764 nec
684 3725 761 3764 antor
778 3710 933 3764 arcadiam
944 3710 975 3762 r'n
985 3715 1094 3778 partem
1113 3727 1167 3778 quo
1179 3725 1244 3764 oum
1256 3709 1317 3764 loco
1329 3706 1424 3762 eonfer

199 3795 233 3848 Η.
252 3797 288 3860 ΙΙ,
316 3797 359 3859 48,
387 3797 512 3851 deludio
532 3813 597 3866 erpa
615 3813 642 3850 se
660 3803 710 3851 aat
727 3798 758 3851 in
781 3798 918 3852 Vitellium
937 3797 1118 3866 malurncliis;
1145 3797 1179 3851 H.
1198 3797 1219 3861 1,
1248 3797 1294 3861 20,
1325 3796 1358 3848 15
1377 3811 1424 3850 aec

198 3885 343 3938 remedium
361 3887 392 3939 in
409 3891 505 3939 micros
520 3885 591 3952 suit;
609 3884 642 3937 A.
661 3885 683 3947 Ι,
703 3885 746 3947 52,
765 3886 782 3937 2
797 3887 890 3953 futuri
908 3887 938 3940 in
956 3885 1146 3956 Aprippinam
1164 3885 1258 3952 exitii·
1276 3883 1325 3948 VI,
1346 3883 1387 3946 15,
1405 3883 1422 3934 4

198 3971 290 4027 literae
315 3974 346 4026 in
364 3971 425 4027 Sea.
449 3973 595 4039 Vistilium,
624 3973 653 4025 et
678 3972 805 4040 saepius;
837 3974 883 4035 15,
914 3975 946 4026 19
966 3975 1041 4028 datis
1059 3973 1222 4043 quibusdam
1240 3971 1423 4027 insanarum

198 4059 323 4114 aasabim
339 4061 425 4127 notia·
445 4059 486 4124 24,
507 4061 522 4114 7
542 4061 572 4114 r'n
591 4059 748 4129 Pompeiam
766 4061 925 4115 Macrinam
943 4061 1055 4117 erilium
1074 4063 1222 4130 staturum,-
1246 4061 1309 4129 XII,
1326 4059 1370 4124 22,
1389 4059 1422 4113 14

197 4147 229 4202 r'n
240 4148 359 4204 Lolliam
371 4149 491 4204 mittimur
507 4151 642 4216 ultanus,
660 4150 691 4202 et
702 4148 830 4218 saepiam
849 4149 906 4212 XV,
928 4150 969 4214 10,
987 4152 1004 4204 8
1023 4150 1037 4180 *
1055 4151 1101 4206 aad
1119 4166 1236 4219 corpora
1252 4155 1278 4205 et
1295 4165 1375 4203 amna
1392 4148 1423 4202 ἐκ

197 4236 297 4292 instem
316 4238 397 4306 dela,
424 4238 498 4300 XVI,
524 4239 549 4302 8,
568 4238 584 4292 6
604 4239 652 4307 qui
671 4240 700 4292 in
718 4236 854 4305 Lepidam
873 4238 963 4294 Cassii
981 4255 1101 4306 ananau,
1125 4239 1216 4296 Srlaai
1235 4239 1356 4306 amitam,
1381 4237 1422 4292 in·

198 4330 296 4380 eratum
321 4328 512 4395 confinpercnt,
540 4328 570 4380 et
596 4325 721 4396 saepiam
751 4326 797 4388 16,
826 4327 842 4382 8
866 4329 913 4383 ira
935 4329 984 4384 illa
1002 4330 1146 4383 murrinum
1168 4330 1198 4382 in
1219 4343 1262 4381 res
1279 4327 1423 4382 Murenae

195 4413 266 4481 furt,-
284 4414 329 4476 21,
348 4414 365 4466 4
384 4415 571 4469 accedentibus
589 4415 682 4469 carreis
701 4415 731 4468 in
750 4413 911 4481 Tlrrascanu
938 4417 970 4470 A.
991 4417 1039 4484 IV,
1060 4417 1101 4478 10,
1122 4418 1137 4469 9
1156 4417 1249 4470 ueneni
1268 4415 1422 4482 inpetrem

198 4517 327 4570 amaena
346 4503 387 4565 28,
407 4503 423 4555 9
441 4509 551 4557 nartem
568 4503 600 4556 in
618 4521 645 4557 se
661 4503 819 4571 festinarim
837 4503 871 4556 H.
886 4503 907 4566 Ι,
926 4505 952 4572 2,
973 4503 1005 4556 19
1023 4503 1148 4570 corrupti
1162 4503 1193 4558 in
1205 4501 1332 4558 deariaoa
1343 4504 1421 4566 serui,

197 4589 229 4644 ia
243 4595 377 4659 patronos
394 4589 490 4646 caeni.
