3314 5274
254 1659 357 1775 Opus
373 1712 440 1754 esse
456 1710 520 1753 non
532 1688 665 1767 ridetur,
682 1692 718 1750 ut
733 1687 878 1771 pluribus
890 1685 994 1750 verbis
1010 1705 1176 1768 exponam,
1197 1681 1251 1766 qui
1265 1683 1387 1746 fructus

164 1822 203 1862 ex
227 1798 294 1863 eius
317 1797 402 1860 modi
426 1793 680 1878 quaestionibus,
712 1795 839 1877 qualem
862 1792 946 1856 hunc
969 1790 1095 1854 institui
1118 1788 1280 1872 oculisque
1303 1787 1387 1850 iudi·

163 1905 304 1970 cantium
329 1923 478 1987 propon0‚
501 1899 621 1965 hauriri
645 1900 784 1984 possint,
808 1901 974 1983 postquam
1001 1895 1186 1960 Wdlfflinus
1214 1895 1247 1957 in
1277 1893 1387 1957 Philo·
1460 1970 1464 1978 „

163 2011 232 2096 logi
254 2014 331 2073 torn.
357 2006 450 2072 XXV
467 2012 500 2071 et
523 2005 649 2071 XXVII
665 2006 881 2090 compluribus
903 2003 980 2068 locis
1004 2007 1035 2066 et
1059 2001 1202 2066 Greefius
1225 2001 1259 2063 in
1281 2000 1389 2063 libello

163 2139 238 2182 suo:
270 2117 308 2179 de
331 2112 603 2200 praepdsitionum
626 2137 683 2176 usu
708 2113 792 2197 apud
815 2111 976 2187 Tacitum,
1006 2131 1087 2194 spec.
1112 2107 1143 2187 I,
1167 2107 1201 2172 in
1224 2106 1389 2171 Prooemio

165 2249 196 2309 p.
221 2227 240 2288 3
265 2227 297 2286 et
320 2223 340 2286 4
363 2223 401 2286 de
433 2221 494 2285 hac
521 2243 555 2284 re
586 2219 812 2286 disseruerunt.
853 2217 925 2280 Duo
949 2217 998 2280 vel
1022 2215 1158 2279 maxime
1188 2217 1276 2290 sunt,
1308 2235 1389 2296 quae

165 2333 311 2396 accurate
335 2326 586 2413 pervestigandis
610 2325 738 2409 scriptis
755 2324 895 2388 Taciteis
912 2323 1109 2386 efficiuntur:
1135 2322 1282 2405 primum,
1307 2319 1389 2402 quod

165 2542 353 2607 insolentiae
387 2542 421 2605 in
453 2562 594 2604 sermone
627 2561 682 2602 suc
713 2537 880 2601 indulsisse
911 2537 1058 2600 Tacitum
1095 2539 1240 2619 putatur,
1278 2533 1390 2598 deinde

166 2653 284 2727 autem,
317 2649 400 2733 quod
424 2648 581 2712 diversum
605 2667 670 2708 esse
693 2644 876 2727 inscriptis
900 2644 1004 2727 ipsum
1027 2663 1207 2729 sermonem
1227 2662 1285 2724 pro
1309 2644 1390 2704 tem·

167 2756 315 2840 poribus,
348 2755 463 2837 quibus
494 2754 641 2838 quodque
673 2750 882 2835 compositum
914 2750 964 2812 sit.
1012 2747 1106 2812 Hanc
1130 2748 1170 2812 ad
1193 2747 1391 2811 emendanda

168 2858 263 2921 verba
286 2861 450 2944 scriptoris
473 2859 695 2944 gravissimam
719 2857 973 2921 observationem
989 2855 1168 2936 Wdlfflino,
1192 2854 1247 2938 qui
1271 2853 1391 2938 primus

167 2966 201 3028 in
224 2965 383 3050 Philologi
406 2973 481 3030 tom.
506 2963 609 3043 XXV,
634 2961 752 3041 XXVI,
777 2961 902 3026 XXVII
927 2961 1163 3040 demonstravit,
1188 2961 1345 3024 debemus

255 3071 368 3157 Itaque
400 3095 492 3136 usum
523 3071 793 3157 praepositionum
825 3070 1029 3134 tractandum
1052 3067 1133 3132 mihi
1156 3067 1321 3152 proposui,
1357 3066 1391 3129 in

168 3199 231 3260 quo
255 3178 402 3242 Taciturn
425 3179 542 3242 multas
564 3177 680 3240 habere
704 3175 930 3260 proprietatem
961 3197 1042 3258 quae
1066 3175 1260 3238 accuratiore
1283 3173 1392 3237 obser·

169 3284 296 3348 vatione
322 3285 420 3370 digna
442 3285 523 3363 sint,
556 3283 698 3348 Greefius
727 3281 892 3347 Prooemio
922 3304 977 3345 suo
1006 3282 1085 3348 satis
1113 3281 1287 3345 illustrasse
1312 3280 1393 3344 mihi

169 3389 300 3457 videtur.
325 3391 479 3466 Quicum
504 3391 542 3454 de
566 3389 853 3474 praepositionibus
879 3388 1001 3472 «apud»
1028 3392 1060 3453 et
1086 3389 1273 3452 «adversus»
1300 3408 1392 3451 accu-

169 3500 235 3560 rate
266 3498 473 3580 quaesiverit,
510 3496 591 3560 mihi
618 3497 656 3560 de
689 3494 925 3580 praepositione
955 3497 1033 3560 «ad»
1064 3495 1198 3560 scribere
1227 3493 1393 3558 consilium

83 3675 89 3682 ,
171 3605 233 3680 est,
265 3605 314 3667 cui
348 3608 478 3688 propter
513 3602 804 3686 frequentissimum
834 3625 926 3666 usum
960 3602 1097 3684 reliquas
1126 3602 1298 3687 adiungere
1328 3623 1393 3664 non

170 3709 278 3791 potui,
312 3711 374 3774 nisi
402 3710 530 3774 modum
558 3709 790 3790 dissertationis
818 3709 925 3794 egredi
947 3709 1103 3774 volebam.
1142 3707 1228 3773 Nam
1250 3707 1333 3772 nihil
1357 3729 1392 3772 eo

171 3816 279 3898 profici
303 3816 382 3880 mihi
405 3817 578 3894 videbatur,
603 3816 630 3878 si
654 3815 757 3878 obiter
779 3819 908 3879 tantum
932 3819 963 3879 et
987 3837 1051 3878 non
1074 3815 1222 3880 tractatis
1246 3815 1393 3879 omnibus

171 3922 322 4007 exemplis
346 3923 384 3987 de
401 3923 533 4002 ratione,
558 3945 621 4006 qua
637 3921 765 3986 Tacitus
782 3907 1069 4006 praepositionibus
1086 3945 1160 3986 usus
1177 3922 1228 4001 sit,
1254 3943 1390 4006 agerem,

170 4049 243 4092 cum
273 4053 383 4096 verum
411 4030 629 4114 intellegerem
660 4051 726 4092 esse
758 4029 836 4092 illud
867 4029 985 4093 dietum
1014 4027 1190 4093 Wolfflini:
1227 4029 1281 4093 das
1312 4029 1392 4094 voll-

168 4137 342 4222 st'aindigste
365 4137 407 4199 ist
430 4137 485 4201 das
507 4137 669 4213 kiirneste,
694 4139 777 4199 etwa
799 4136 857 4198 wie
884 4136 940 4200 das
967 4135 1127 4200 theuerste
1156 4137 1211 4201 das
1238 4135 1390 4220 billigste.

169 4239 238 4314 Quo
260 4241 355 4306 simul
378 4242 537 4306 excusatio
561 4241 716 4325 quaedem
739 4242 935 4321 continetur,
968 4241 995 4306 si
1018 4243 1089 4325 quis
1111 4264 1261 4328 magnam
1285 4263 1392 4307 exem-

170 4347 294 4430 plorum
318 4350 444 4434 copiam
466 4348 689 4434 reprehendat,
714 4370 777 4431 qua
793 4349 893 4412 oratio
916 4349 985 4433 ipsc
999 4349 1064 4422 iam
1080 4352 1269 4434 argumento
1285 4349 1393 4414 ieiuna

169 4458 266 4537 atquc
290 4456 378 4521 arida
401 4457 501 4521 multo
517 4455 681 4521 molestior
702 4455 852 4520 reddetur
868 4477 1036 4539 eorumque
1053 4457 1108 4540 qui
1124 4457 1235 4540 legant
1251 4457 1391 4520 taedium

168 4566 304 4625 moveat.
329 4563 397 4627 Hoc
417 4561 633 4647 opprobrium,
658 4583 728 4626 curn
745 4585 853 4627 verum
870 4562 996 4646 quidem
1012 4563 1063 4642 sit,
1086 4563 1140 4627 vix
1164 4562 1260 4626 vitari
1275 4566 1390 4647 potest,

167 4667 195 4730 si
219 4689 291 4731 eum
313 4669 453 4733 fructum
476 4669 583 4734 libello
607 4667 757 4752 consequi
782 4669 935 4749 volumus,
959 4692 1054 4752 quem
1078 4669 1266 4754 adpetimus.

1235 4794 1248 4846 l
