3314 5274
684 353 905 416 ..13-

183 544 423 628 praeferendum
447 543 526 609 mihi
550 543 684 624 videtur,
700 548 736 609 ut
751 544 876 610 dicetur
890 545 934 611 cd
945 547 1085 629 protiem
1100 547 1168 612 vice
1189 546 1289 610 dativi
1304 545 1407 630 fungi,

183 652 237 734 qni
259 673 334 716 usus
357 653 407 716 vel
430 652 567 716 maxime
590 673 628 716 ex
644 673 788 716 sermone
805 653 891 716 ritae
907 652 1087 718 cotidianae
1102 654 1288 737 desumptus
1304 652 1408 716 omni-

181 757 300 840 busque
322 759 440 844 linguis
464 759 641 823 communis
664 763 723 836 est,
741 759 779 824 de
800 779 863 842 quo
879 758 1010 822 inferius
1025 759 1283 844 disputabimus),
1300 765 1407 822 tamen

182 863 285 927 ridere
309 885 439 947 nequeO,
465 864 621 947 quomodo
643 863 730 928 locus
753 863 899 928 Taciteus
921 863 984 928 huc
1006 864 1117 930 referri
1140 865 1250 951 possit.
1282 864 1331 928 De
1347 863 1407 928 hec

180 971 441 1053 interpretatione
461 971 596 1056 eogitari
613 991 676 1034 non
701 991 792 1055 posse
814 970 879 1034 iem
903 970 1007 1050 verbe,
1032 993 1113 1054 quse
1133 975 1224 1035 sunt:
1241 970 1406 1034 novissimi

180 1074 213 1138 in
236 1076 374 1160 culpam,
397 1077 552 1143 indicant.
584 1075 755 1140 Praetereo
777 1076 923 1142 hocloco
946 1098 1010 1140 non
1034 1077 1333 1162 inopportunitate
1355 1075 1406 1140 vel

180 1181 387 1247 inclinatione
410 1183 549 1248 militum
566 1183 606 1248 nd
628 1184 860 1268 paenitentiam
883 1183 1019 1248 vertitur
1034 1184 1089 1248 sed
1104 1184 1139 1248 in
1156 1205 1229 1249 vero
1245 1183 1350 1247 reditu
1366 1185 1407 1248 ad

179 1288 408 1371 paenitentiam
431 1289 737 1374 oboedientiamque.
781 1289 928 1372 Denique
943 1290 1096 1374 exemplis
1111 1290 1311 1374 probandum
1327 1294 1405 1368 eret,

178 1396 273 1460 verba
289 1398 391 1477 primi
413 1397 457 1462 od
471 1397 519 1462 ite
540 1398 688 1482 usurpari
712 1419 810 1482 posse.
844 1394 963 1462 Similis
986 1396 1066 1460 mihi
1089 1397 1175 1461 locus
1196 1418 1262 1460 esse
1279 1396 1405 1460 videtur

178 1499 384 1566 Ciceronieno
406 1503 464 1565 illo
488 1504 539 1581 (de
562 1503 640 1568 finn.
665 1505 694 1583 3,
721 1505 772 1578 16,
797 1503 869 1584 52):
887 1523 1017 1585 pompm
1032 1503 1108 1568 ordo
1117 1504 1263 1585 proxime
1278 1502 1402 1583 accedit,

176 1613 210 1670 ut
231 1609 385 1674 secundus
407 1611 450 1674 sit
472 1609 515 1674 ad
537 1612 656 1692 reptem
675 1611 902 1691 principatum,
927 1630 1022 1692 quem
1045 1609 1115 1692 ipse
1137 1608 1283 1673 Handius
1305 1631 1336 1692 p.
1361 1610 1401 1673 91

176 1713 286 1776 attulit
309 1719 342 1778 et
363 1719 449 1780 recte
471 1715 699 1800 interpretatus
721 1719 785 1781 est:
818 1717 872 1798 qui
895 1715 1012 1780 accedit
1035 1715 1181 1796 proxime
1211 1717 1254 1781 ad
1284 1719 1403 1800 repicm

170 1826 364 1900 potestatem.
390 1819 510 1886 Eadem
532 1823 657 1886 ratione
681 1821 861 1905 Madvigius
887 1822 982 1886 verbe
1012 1821 1183 1885 intellexit.
1208 1821 1259 1886 Ad
1288 1825 1401 1888 verbe:

174 1932 210 1990 ret
231 1929 392 1993 certissimi
409 1932 443 1993 m
459 1930 593 2010 scripum,
612 1929 781 2014 cogitando
796 1928 1007 2013 supplendum
1024 1931 1072 1991 cst
1093 1929 1241 1992 verbum:
1259 1930 1404 1994 venimus

176 2033 224 2096 vel
246 2033 423 2114 indicimus,
448 2043 479 2099 et
503 2036 556 2100 ad:
575 2038 680 2117 primi
695 2036 737 2099 od
748 2037 987 2116 poenitentiam:
1003 2033 1191 2111 accedimus,
1209 2056 1291 2117 quae
1307 2037 1403 2100 verbu

174 2140 209 2204 in
234 2141 376 2204 oratione
400 2142 602 2206 commotiore
625 2142 730 2206 omitti
754 2142 803 2207 vel
834 2141 939 2226 potius
968 2163 1032 2203 uno
1062 2141 1154 2203 verbo
1181 2161 1290 2206 semes
1316 2164 1402 2206 com·

175 2245 329 2329 prehendi
347 2253 531 2332 potuerunt.
556 2248 595 2311 ln
611 2247 816 2312 Ciceroniano
832 2249 888 2311 illo
902 2233 1094 2330 embiguitas
1118 2268 1266 2310 essenon
1283 2254 1400 2331 potest,

174 2353 257 2435 quod
281 2360 375 2418 antea
399 2355 550 2438 scriptum
574 2358 641 2418 eret
665 2355 790 2420 accedit.
838 2352 991 2418 Similiter
1013 2375 1072 2416 nos
1099 2354 1202 2417 dicere
1218 2375 1399 2437 possumus:

162 2480 208 2539 ‚er
231 2482 296 2523 war
320 2462 373 2524 der
397 2465 480 2524 erste
503 2483 575 2524 zum
598 2459 727 2544 Kompf,
753 2483 809 2523 zur
832 2459 929 2526 Reus.
954 2497 997 2506 -
1022 2455 1210 2524 concedere
1235 2455 1292 2524 ad:
1310 2457 1334 2542 ¹)
1367 2461 1399 2523 in

173 2565 215 2630 H.
240 2566 280 2646 Π,
315 2569 365 2646 51,
398 2567 416 2631 7
446 2574 483 2632 ut
511 2568 546 2630 in
569 2568 665 2632 verbo
688 2567 868 2649 trecsprcdi
898 2567 940 2630 od
963 2567 1098 2647 oliqecm
1124 2569 1270 2628 concreta
1300 2566 1399 2649 signi·

172 2672 278 2736 ficatio
295 2711 300 2721 .
316 2674 404 2738 verbi
435 2674 608 2753 evanescit,
647 2673 699 2736 vix
738 2673 822 2736 enim
859 2673 1029 2755 quisquam
1064 2672 1099 2734 in
1138 2672 1258 2735 verbis:
1295 2692 1399 2738 comce-

172 2779 312 2844 dmtibrs
351 2781 395 2845 ed
429 2782 575 2845 rictorem
607 2817 650 2825 -
684 2781 783 2860 copiis
821 2779 859 2843 de
894 2799 967 2842 vero
1005 2779 1120 2842 itinere
1158 2778 1322 2862 copiarum
1356 2779 1396 2841 ad

172 2883 323 2949 victorem
347 2888 488 2970 cogitet3
512 2887 549 2950 A.
574 2885 662 2964 XIII,
687 2887 738 2963 56,
767 2888 805 2949 15
835 2892 917 2950 retro
949 2886 991 2949 ed
1020 2886 1161 2966 Usipetes
1192 2892 1220 2950 et
1243 2885 1397 2950 recentes

170 2993 322 3058 concessit.
371 2989 551 3081 discedere
575 2985 668 3075 edil)
699 2993 733 3056 in
757 2990 820 3076 Ag.
846 2994 898 3070 21,
927 2993 965 3055 10
984 2993 1204 3074 paulatimque
1227 2991 1398 3056 discessum

171 3099 216 3162 ad
237 3099 442 3165 delenimento
464 3102 630 3173 vitiorem·
656 3099 693 3164 A.
719 3098 775 3177 XI,
802 3101 853 3177 16,
880 3101 919 3164 15
944 3099 1106 3164 discederet
1129 3099 1171 3162 od
1194 3100 1398 3163 conterminos

164 3205 305 3286 populos.
338 3201 500 3270 incedere
526 3204 582 3270 ed:
607 3208 641 3270 in
665 3207 706 3274 H.
731 3205 790 3281 III,
816 3207 867 3283 40,
894 3209 912 3268 2
941 3206 1068 3288 sepcies
1090 3225 1185 3285 picam
1215 3205 1259 3267 ed
1286 3203 1397 3268 bellom

169 3311 322 3376 incederes.
339 3310 520 3393 procedere
537 3310 597 3378 ed:
614 3313 647 3376 in
664 3312 701 3380 G.
719 3315 771 3390 22,
795 3314 815 3375 4
838 3319 905 3376 tom
920 3313 963 3376 od
976 3313 1098 3395 repotia
1116 3331 1171 3374 mec
1186 3311 1291 3374 mimus
1305 3330 1397 3392 saepe

170 3416 214 3480 cd
235 3421 375 3484 cmo-ieie
395 3421 563 3501 procederet
582 3422 715 3500 armoti;
731 3419 771 3484 H.
787 3419 812 3498 I,
832 3420 883 3496 37,
904 3420 949 3501 li
966 3419 1043 3500 Quis
1059 3418 1170 3482 adres
1190 3417 1397 3497 processerim

174 3559 213 3568 -
232 3525 332 3591 dicere
354 3548 414 3592 mm
437 3527 551 3607 eudem
574 3526 613 3592 A.
628 3525 699 3604 XV,
717 3527 769 3603 67,
795 3528 814 3589 6
831 3526 941 3608 quibus
956 3526 1061 3590 caesis
1080 3525 1123 3588 od
1146 3518 1323 3588 odlioimem
1345 3543 1397 3588 sc·

170 3635 322 3697 crementi
337 3636 546 3714 processisset.

260 3737 449 3820 pervellere
475 3737 569 3823 ed:³)
592 3741 626 3803 in
648 3738 687 3803 A.
704 3738 778 3817 XII,
795 3739 847 3818 46,
866 3740 904 3802 ll
924 3740 966 3803 ad
982 3739 1222 3804 Pharasmanem
1231 3735 1397 3817 persedit,

169 3845 258 3924 XIV,
285 3847 314 3924 7,
340 3849 358 3910 5
382 3849 447 3912 sice
469 3847 512 3912 od
533 3852 676 3914 semotum
696 3851 725 3909 et
741 3846 896 3927 populum
913 3846 1119 3926 pervaderet·
1152 3843 1234 3923 XII,
1260 3843 1320 3921 51,
1355 3842 1392 3905 ll

168 3989 381 4000 -o-—...-.-

264 4075 284 4146 ¹)
303 4074 456 4130 concedere
475 4075 520 4130 ius
550 4077 583 4130 H.
603 4075 651 4142 IV,
671 4075 714 4143 21,
739 4077 757 4128 4
780 4075 875 4132 Vetera
894 4081 999 4138 coctra3
1018 4073 1051 4137 V,
1070 4073 1095 4136 3,
1116 4074 1149 4126 13
1167 4089 1275 4142 rupem·
1302 4072 1349 4138 19,
1378 4073 1393 4124 5

167 4167 303 4234 insulem
329 4165 361 4220 A.
380 4167 416 4231 ΙΙ,
442 4165 486 4229 46,
517 4166 549 4219 19
567 4166 791 4230 Marcemcrmom
818 4163 867 4233 ΙΙΙ,
887 4164 930 4226 31,
950 4165 965 4214 5
986 4162 1185 4231 Campaniam
1207 4160 1242 4214 H.
1261 4160 1296 4223 ΙΙ,
1317 4160 1341 4222 1,
1362 4161 1394 4213 19

168 4261 274 4323 prutes,-
293 4283 326 4292 -
345 4255 377 4310 A.
395 4255 417 4308 Ι.
437 4255 479 4318 79,
504 4254 537 4308 16
555 4254 715 4308 septentiam
733 4253 845 4308 Pisonis
852 4273 862 4320 ,·
890 4251 926 4319 Π,
951 4252 995 4319 37,
1022 4249 1257 4317 redemtorem,
1285 4247 1331 4312 IV,
1352 4249 1394 4312 74,

170 4343 182 4395 1
204 4345 360 4409 trinitrem
377 4344 430 4398 ies.

259 4430 280 4500 ²)
299 4428 508 4488 discederem:
535 4431 568 4485 A.
587 4432 609 4496 Ι,
628 4432 671 4498 49,
688 4431 706 4485 4
721 4436 828 4499 partesz
849 4430 884 4483 cl.
903 4429 953 4494 ΙΙΙ,
972 4429 1014 4493 69,
1044 4428 1077 4481 23
1096 4427 1127 4480 m
1145 4426 1216 4480 ham
1233 4425 1393 4480 sementiam

163 4519 244 4590 saeta
262 4523 398 4578 discessio.
814 4511 817 4520 ⁸

258 4609 281 4680 ⁸)
298 4609 456 4678 pervetere
474 4609 522 4667 iu:
542 4611 577 4664 H.
596 4610 617 4675 Ι,
636 4611 679 4674 43,
699 4611 715 4664 6
735 4610 825 4664 aeden
848 4608 941 4666 Vestae
948 4627 957 4676 ,·
975 4606 1025 4672 ΠΙ,
1044 4607 1087 4669 62,
1107 4606 1123 4658 3
1142 4604 1314 4660 Gemonios.
