3314 5274
645 385 863 452 ..57-

155 577 260 658 110194
281 578 426 644 stuata
454 599 488 644 eo
518 581 648 664 lapmine
673 581 790 662 pedum
811 580 1006 646 induebatur.
1052 579 1090 644 A.
1118 579 1143 660 Ι,
1169 579 1220 658 76,
1246 579 1371 642 1411111

155 682 336 748 crediderim
359 685 415 749 ad
437 687 726 752 ostentandam
748 689 968 754 saevitiam
983 687 1284 766 movendasque
1294 701 1370 764 po·

153 791 245 869 pali
268 791 509 870 offensiones
532 813 705 858 concessam
725 793 792 876 (ilio
814 795 984 861 maenum
1006 827 1043 838 -

240 898 272 975 β,
297 895 501 981 Praepositi0‚
519 919 614 981 quam
631 900 840 985 gerundivum
857 900 945 964 verbi
961 899 1112 983 sequitur,
1130 919 1167 962 ex
1182 888 1370 978 participiis

157 995 394 1084 incensisque
417 1003 548 1087 pendet:
582 1005 769 1087 oportunus
796 1003 839 1070 ad
865 1007 899 1070 in
922 1005 961 1070 A.
978 1006 1020 1085 Π,
1045 1007 1076 1084 6,
1100 1007 1138 1068 12
1158 1003 1370 1068 transmitten-

107 1145 110 1152 .
158 1109 230 1172 dum
242 1109 285 1172 acl
298 1109 418 1175 bellum.
435 1105 593 1175 inlustris
612 1109 655 1175 ad
665 1113 698 1176 in
711 1113 750 1178 D.
768 1115 797 1191 8,
813 1114 854 1176 14
869 1135 902 1178 eo
917 1114 1054 1178 clariora
1065 1117 1094 1177 el
1104 1112 1147 1175 ad
1159 1112 1370 1176 demonstran·

157 1215 229 1279 dum
250 1217 403 1281 manniae
424 1217 611 1300 eloquentiae
632 1219 797 1284 utilitatem
827 1221 1009 1285 inlustriora
1031 1218 1182 1298 eucmpla·
1197 1221 1277 1281 sunt.
1297 1247 1300 1259 ·
1322 1208 1371 1274 in·

158 1315 264 1400 signis
283 1317 326 1384 ad
347 1322 381 1386 in
404 1323 445 1390 H.
469 1323 495 1402 I,
519 1326 571 1403 35,
598 1328 637 1390 12
660 1327 781 1410 insipni
804 1329 973 1392 animo-ad
995 1325 1188 1391 amandun
1203 1323 1372 1386 militarem

156 1427 321 1496 licentium.
366 1423 488 1510 ingens
507 1426 550 1492 ad
568 1431 600 1496 iu
633 1431 672 1500 A.
705 1432 736 1511 Ι,
761 1433 821 1510 64,
847 1434 865 1496 7
890 1434 997 1498 bastae
1018 1432 1157 1516 inpenles
1179 1430 1221 1492 ad
1242 1427 1373 1492 uulnera

155 1534 317 1616 farinam
329 1535 389 1599 hoc
399 1536 484 1600 enim
497 1537 564 1602 loeo
573 1538 761 1604 adieetivum
773 1541 911 1622 inpcntcs
920 1560 1037 1624 magna
1046 1560 1116 1601 cnm
1129 1536 1284 1600 breuitate
1297 1533 1371 1596 dici·
1491 1540 1497 1557 '

158 1645 218 1719 tur,
235 1663 305 1705 cnm
321 1645 353 1705 et
367 1641 478 1727 longas
494 1665 667 1728 gravesque
682 1645 778 1710 fuisse
793 1646 902 1709 hastas
917 1646 1035 1709 indicet
1050 1648 1082 1708 et
1098 1645 1206 1708 eodem
1222 1640 1372 1705 vocabulo

159 1750 247 1830 aptas
270 1747 367 1812 fuisse
390 1753 519 1833 propter
540 1750 641 1835 ipsam
664 1752 855 1838 gravitatem
878 1754 916 1818 ad
945 1752 1075 1818 vulnera
1105 1747 1249 1814 facienda
1271 1746 1372 1810 conti-

158 1855 277 1918 neatur.
325 1853 476 1920 Similiter
499 1857 628 1922 Tacitus
651 1858 684 1922 in
707 1859 746 1922 A.
770 1858 857 1938 XVI,
884 1860 934 1937 14,
954 1861 993 1924 10
1009 1859 1149 1942 scripsit:
1162 1876 1292 1937 opesque
1306 1854 1374 1918 eius

153 1961 407 2041 praecipuas
437 1964 480 2028 ud
506 1966 690 2030 eliciendam
712 1967 890 2047 cupidinem
919 2003 963 2012 —
991 1987 1057 2032 esse
1079 1964 1110 2028 h.
1143 1986 1169 2027 e.
1202 1983 1276 2045 opes
1307 1959 1373 2022 eius

159 2067 353 2132 abundantes
377 2068 507 2154 ideoque
530 2074 622 2155 aptas
646 2072 685 2137 ad
706 2073 773 2136 elic.
797 2094 868 2156 nup.
897 2109 931 2118 -
959 2070 1009 2136 Sin
1032 2071 1128 2135 etiam
1151 2068 1304 2151 intellego
1325 2065 1373 2129 lo-

159 2195 228 2238 cum
251 2174 284 2237 in
308 2175 348 2238 Η.
371 2175 413 2254 Π,
438 2178 489 2256 99,
514 2178 533 2240 8
556 2189 763 2262 quantumque
784 2181 900 2244 hebes
923 2180 966 2244 ad
991 2177 1205 2244 sustinendum
1231 2175 1374 2250 laborem,

159 2281 203 2343 ita
219 2284 255 2344 nt
271 2281 461 2347 adieetivnm
477 2284 615 2349 breviter
636 2285 774 2369 positum
797 2287 839 2350 sit
861 2308 937 2370 pro:
960 2285 1057 2348 hebes
1079 2287 1111 2348 et
1138 2285 1265 2365 propter
1292 2279 1375 2342 hanc
1425 2321 1427 2326 -

160 2410 284 2452 cansam
306 2388 429 2453 inutilis
453 2391 493 2454 ad
516 2395 591 2455 sust.
616 2391 765 2471 laborem,
789 2416 865 2457 nam
888 2392 1035 2456 Tacitum
1063 2389 1186 2473 saepius
1216 2385 1374 2450 vocabulis

161 2495 228 2577 plus
252 2494 398 2558 tribuisse
422 2500 563 2576 constat,
595 2519 689 2580 quam
718 2499 845 2582 proprie
871 2498 956 2562 insit.
1003 2491 1176 2561 exereitus
1196 2491 1239 2556 ad
1269 2492 1303 2554 111
1334 2488 1372 2554 A.

163 2599 247 2680 XVI,
270 2605 321 2681 32,
349 2604 388 2666 10
412 2605 455 2668 ad
477 2605 712 2685 reprimendam
733 2607 903 2688 imapimm
925 2605 1042 2670 tonali
1065 2602 1116 2680 (ol.
1141 2622 1169 2683 p.
1195 2601 1259 2681 51).
1274 2635 1316 2644 -
1331 2596 1373 2660 H.

163 2706 187 2784 Ι,
211 2708 240 2786 9,
271 2712 309 2773 13
337 2699 665 2776 saluberrimam
692 2712 806 2778 estad
834 2712 1047 2776 continendam
1078 2708 1247 2774 militarem
1271 2705 1373 2787 fidem.

161 2815 220 2902 Ag.
245 2818 298 2894 28,
323 2819 420 2900 3.qui
443 2822 496 2894 (se.
525 2818 654 2900 milites)
677 2820 726 2883 ad
756 2819 943 2882 tradendam
969 2815 1171 2896 disciplinam
1199 2812 1375 2878 mmmm

159 2924 330 3005 manipulis
351 2925 524 3007 exemplum
545 2932 572 2991 et
594 2932 726 2992 rectores
744 2926 943 2990 labebantur.
989 2923 1029 2986 H.
1065 2923 1097 3000 Ι,
1129 2923 1192 2999 90,
1222 2919 1263 2982 13
1286 2922 1377 2984 aaut

158 3032 213 3112 qui
234 3052 331 3115 penus
354 3034 459 3112 ipsum
473 3033 586 3098 mandi
608 3038 776 3111 noscerent,
800 3032 903 3097 crebm
922 3031 988 3112 fori
1009 3051 1070 3094 usu
1081 3029 1191 3094 celebre
1212 3033 1240 3095 el
1262 3025 1304 3090 ad
1318 3025 1376 3090 im

152 3137 290 3218 plaudas
309 3139 418 3219 populi
433 3161 526 3204 aures
547 3141 682 3204 latam
703 3145 731 3204 et
753 3156 923 3217 sonans,
947 3137 1000 3201 ubi
1024 3160 1052 3202 v.
1076 3134 1193 3198 Heraei
1220 3133 1376 3216 interpre-

157 3245 320 3308 tationem.
339 3282 379 3291 —
1004 3245 1006 3250 ’

248 3379 276 3436 y.
301 3351 495 3436 Praepositio
519 3354 635 3437 pendet
657 3375 695 3417 ex
719 3346 960 3442 substantivis:
992 3345 1109 3413 aditus
1132 3345 1175 3412 ad
1197 3348 1231 3411 in
1256 3347 1293 3410 A.
1317 3343 1376 3423 ΙΙΙ,

160 3460 213 3537 30,
238 3460 257 3523 8
281 3481 469 3542 quamquam
485 3467 632 3542 prompto
647 3460 690 3526 od
711 3460 911 3541 capessendos
925 3459 1051 3524 lmnores
1066 3457 1166 3522 aditu.
1189 3451 1376 3520 usuvenire

159 3561 202 3627 ud
214 3566 247 3630 in
263 3565 324 3652 Ag.
343 3567 394 3644 12,
412 3568 431 3630 6
447 3588 545 3633 rarus
563 3603 600 3612 -
615 3568 659 3634 ad
668 3566 922 3649 propulsandum
937 3585 1091 3630 commune
1108 3561 1284 3644 pericnlum
1307 3579 1377 3624 con-
1462 3615 1463 3620 ,

158 3683 274 3738 centus.
309 3672 446 3753 tempus
470 3669 530 3742 ad:
554 3674 588 3737 in
611 3673 652 3741 H.
677 3673 734 3752 lV,
759 3674 811 3751 34,
837 3675 876 3738 19
900 3674 944 3737 ad
965 3670 1175 3737 ordinandum
1198 3670 1311 3742 aciem;
1336 3662 1375 3743 V,

158 3781 214 3857 21,
247 3781 354 3845 121111
383 3781 575 3863 exsequenda
602 3782 745 3862 irnperio.
771 3818 811 3827 —
835 3775 976 3842 audatia
1000 3775 1042 3841 ad
1064 3777 1098 3840 in
1121 3774 1160 3840 A.
1186 3773 1255 3852 XV,
1280 3773 1310 3853 4,
1337 3774 1376 3835 10

158 3887 204 3950 ad
226 3888 434 3970 exsequendas
456 3887 636 3953 obsidiales.
661 3881 852 3950 auotoritas
876 3881 918 3946 ad
941 3885 972 3947 iu
997 3884 1040 3952 H.
1058 3883 1081 3961 Ι,
1099 3883 1151 3962 45,
1175 3881 1212 3944 11
1238 3880 1282 3944 ad
1298 3900 1377 3961 pro-

157 3995 325 4058 hibendum
346 3995 450 4060 soclus.
474 3991 527 4058 vis
551 3990 593 4056 ud
616 3994 649 4058 in
673 3993 711 4058 A.
736 3993 791 4071 ΧΙ,
816 3995 846 4070 9,
872 3995 891 4056 3
914 3995 946 4056 ui
968 3991 1078 4056 ncililis
1101 3989 1236 4056 Romani
1258 3988 1301 4053 ad
1323 4006 1377 4064 cct-

157 4105 314 4168 ciudenda
329 4103 519 4167 castellinum
541 4104 655 4180 ardua,
687 4101 781 4166 simul
811 4101 929 4164 Hibero
951 4100 1087 4164 enercilu
1114 4116 1237 4177 campos
1254 4092 1377 4176 persul-

158 4217 253 4277 ianle.
279 4209 373 4273 Hunc
395 4209 497 4272 locum
520 4231 582 4272 non
608 4209 687 4272 bene
710 4208 882 4270 illustrasse
905 4205 983 4268 mihi
1005 4203 1130 4268 uidetur
1154 4201 1298 4280 0111111111,
1323 4199 1377 4283 qni

158 4317 357 4382 Dbderleinii
381 4316 601 4380 auctoritatem
626 4319 751 4380 secutus
775 4313 952 4378 adnotavit:
980 4312 1041 4376 «od
1067 4307 1276 4375 excindenda»
1300 4327 1379 4389 pen-

158 4427 235 4489 dent
262 4447 299 4490 eu
322 4426 430 4490 uniisse
460 4422 591 4488 «militis
608 4423 761 4488 Romani»
780 4421 909 4502 epillclu
929 4419 1081 4497 ildonea»
1101 4439 1174 4480 nam
1194 4435 1259 4479 non
1273 4413 1378 4476 minue

158 4533 206 4596 ibi
231 4533 497 4616 praepositionem
522 4531 587 4594 luco
611 4529 710 4592 dativi
733 4527 889 4591 commodi
912 4547 979 4590 esse
1002 4522 1201 4600 crediderim,
1226 4542 1321 4603 quam
1344 4520 1379 4584 in

158 4640 305 4724 exemplo
328 4662 366 4703 ex
390 4638 473 4705 Hist.
497 4636 523 4717 Ι,
548 4639 600 4716 85,
626 4638 641 4701 1
668 4658 686 4700 a
709 4633 912 4700 Dbderleiuio
936 4631 1107 4714 adscripto:
1130 4629 1229 4695 oratio
1243 4629 1286 4693 ad
1305 4648 1378 4708 per-
