3314 5274
725 401 767 412 ...
814 366 943 430 52..

229 562 268 628 A.
292 562 351 642 ΠΙ,
376 563 428 642 36,
452 564 471 627 9
496 562 695 645 81889188
720 555 923 640 suffragium
941 555 983 622 81
1005 560 1039 622 in
1062 557 1100 623 A.
1124 557 1181 637 IH,
1208 560 1258 639 19,
1283 561 1446 642 3881188-

228 672 317 756 9888
338 669 382 736 od
402 670 531 735 honores
547 669 714 750 pollicitos.
740 705 780 715 -—
804 662 934 731 annus
953 662 997 729 81
1014 667 1048 730 in
1065 665 1177 746 11:111,
1193 667 1243 745 18,
1270 668 1310 730 12
1330 672 1446 749 querito

222 778 299 859 ptos
325 779 392 860 spei
416 777 463 841 ool
485 776 643 860 effupium,
667 776 815 840 minorem
847 776 890 840 od
919 772 1125 839 resistendum
1155 775 1296 839 ocimum
1317 774 1444 838 dobant.

229 878 536 948 consuetudin
558 880 599 948 H.
621 881 664 961 H,
698 884 749 962 35,
781 882 803 944 4
835 902 931 964 oeque
956 902 992 946 eo
1015 883 1186 946 ccostoolio
1214 881 1446 964 plodiotoribrrs

227 992 271 1057 od
287 991 421 1072 proelio,
445 1011 523 1072 quoe
545 989 706 1068 8811111188,
739 989 794 1052 ubi
814 1010 879 1052 non
903 987 1107 1072 cogitandum
1131 987 1169 1050 de
1191 1009 1251 1051 usu
1274 987 1327 1051 illc
1350 1009 1444 1071 prae·

228 1097 408 1182 positionis,
443 1096 570 1186 quoeit
592 1118 666 1181 pro:
696 1096 731 1159 in
753 1094 862 1179 Bezug
884 1093 955 1173 auf,
987 1093 1071 1178 quod
1098 1116 1137 1158 cx
1159 1094 1270 1158 ceteris
1293 1094 1446 1178 exemplis

228 1205 340 1274 elucet.
363 1211 406 1267 ,-’-

253 1391 254 1396 ¹
337 1313 368 1377 b.
392 1310 512 1375 Deinde
543 1331 594 1374 eos
625 1309 710 1374 locos
734 1307 909 1385 conferam,
942 1307 975 1370 in
999 1306 1111 1390 quibus
1134 1307 1179 1370 vis
1201 1307 1445 1391 praepositionis

227 1419 314 1483 nullo
337 1418 462 1503 quidem
479 1416 571 1482 modo
586 1416 708 1480 diversa
730 1415 773 1478 sit
788 1437 807 1477 8
823 1414 863 1492 vi,
880 1436 976 1497 quam
992 1414 1025 1477 in
1040 1413 1116 1477 locis
1133 1415 1192 1477 sub
1207 1413 1256 1481 lit.
1270 1436 1289 1477 8
1304 1413 1444 1478 collectis

227 1525 332 1604 habet,
357 1523 411 1587 ubi
434 1526 543 1586 tamen
565 1543 628 1585 non
651 1521 886 1586 substantivum
909 1521 961 1583 sed
985 1515 1183 1601 gerundium
1200 1515 1294 1584 vorbi
1318 1521 1358 1585 ed
1373 1541 1444 1584 eam

227 1630 391 1695 referetur.
430 1628 612 1713 Numquam
641 1631 746 1691 autem
778 1628 969 1711 praepositio
995 1628 1064 1690 «in»
1093 1627 1177 1710 apud
1200 1627 1348 1691 Tacitum
1371 1649 1443 1692 cum

226 1736 378 1822 gerundio
401 1736 600 1799 construitur.

316 1871 346 1908 α.
371 1841 448 1906 Post
469 1837 573 1907 verba
596 1841 738 1924 sequitur
762 1839 963 1924 praepositio,
988 1839 1026 1903 ad
1042 1861 1137 1923 quem
1152 1839 1341 1924 gerundium
1357 1839 1444 1904 verbi

226 1951 381 2034 pertinet:
412 1945 554 2012 mittere
577 1943 619 2010 81
647 1949 681 2010 in
704 1948 743 2011 A.
767 1945 823 2026 IV,
849 1948 901 2026 26,
934 1947 951 2010 7
977 1946 1019 2012 od
1042 1947 1299 2026 satisfaciendum
1327 1947 1445 2028 popolo

225 2057 379 2135 1188888,
411 2077 475 2138 quo
504 2055 538 2118 in
560 2055 629 2118 loco
651 2052 838 2138 gerundium
862 2054 996 2117 scribere
1019 2052 1166 2132 debebat,
1199 2054 1282 2137 quod
1318 2054 1443 2119 dativus

225 2184 264 2226 ex
288 2163 382 2226 verbo
405 2160 621 2226 satisfaciendi
643 2161 776 2243 pendet3
799 2159 839 2224 cf.
851 2159 890 2225 A.
903 2158 974 2237 XV,
994 2160 1077 2238 16,6
1092 2181 1166 2242 quos
1181 2162 1372 2243 testificando
1386 2183 1444 2226 reo

224 2271 369 2348 misisset,
394 2268 433 2332 81
456 2289 550 2350 quem
573 2267 678 2330 locum
694 2289 723 2330 v.
737 2265 892 2330 Wolfflin.
909 2266 941 2329 in
959 2265 1039 2330 Phil.
1054 2265 1156 2346 XXV,
1181 2290 1211 2350 p.
1231 2269 1304 2335 115.
1328 2264 1440 2332 venire

225 2371 284 2444 od:
308 2375 342 2438 in
364 2374 405 2442 A.
429 2373 471 2453 ΙΙ,
502 2374 554 2451 42,
588 2374 626 2436 12
651 2373 694 2436 od
720 2373 934 2454 8888888888
968 2371 1056 2451 XIV,
1088 2374 1118 2452 8,
1145 2374 1183 2436 18
1207 2373 1435 2440 8888888188.

224 2475 407 2545 convenire
432 2477 475 2544 81
497 2480 531 2543 in
555 2479 596 2544 H.
620 2478 662 2557 Π,
696 2480 748 2557 68,
786 2481 821 2542 ll
848 2480 890 2545 od
912 2481 1122 2561 spectandam.
1147 2519 1189 2528 -
1213 2477 1372 2562 deligere
1396 2476 1438 2543 81

224 2587 258 2651 in
281 2587 319 2652 A.
336 2586 394 2666 HI,
411 2587 463 2666 67,
489 2587 569 2652 dod
583 2587 802 2653 8888888888.
818 2621 856 2632 -
872 2582 955 2674 darc
973 2583 1031 2652 ad:
1046 2586 1080 2650 in
1095 2585 1136 2650 H.
1153 2586 1196 2665 ΙΙ,
1218 2589 1248 2666 9,
1265 2590 1284 2652 3
1302 2589 1442 2653 triremes

224 2694 267 2758 od
284 2693 548 2776 prosequendam
578 2692 617 2757 A.
641 2691 690 2771 H,
720 2693 779 2770 85,
812 2693 832 2756 9
855 2694 1019 2776 seropioto
1041 2693 1109 2759 dies
1131 2694 1173 2759 od
1196 2692 1440 2760 8888188888.

225 2813 393 2882 quaerero
421 2796 464 2863 81
494 2799 529 2862 in
551 2798 592 2867 A.
615 2798 671 2876 IV,
704 2799 757 2879 54,
791 2800 831 2862 18
863 2806 1010 2865 secretam
1040 2798 1083 2864 81
1114 2802 1374 2882 perpetrandam.
1400 2837 1443 2846 —

224 2901 313 2969 satis
339 2920 417 2970 8888
441 2902 484 2969 81
506 2905 541 2968 in
563 2902 604 2967 Η.
629 2902 687 2984 IV,
718 2906 772 2982 15,
804 2907 843 2969 15
865 2907 1085 2995 8888888888
1107 2908 1151 2972 cd
1173 2909 1341 2972 arcendam
1363 2912 1442 2973 erat.

225 3009 350 3077 188888
377 3007 448 3090 adt
472 3011 507 3075 in
529 3010 569 3074 A.
582 3009 654 3090 XII,
669 3013 722 3089 20,
748 3013 785 3076 11
800 3011 893 3077 *olm
915 3013 957 3077 88
978 3014 1214 3095 consequendam.
1231 3050 1269 3060 -
1283 3010 1441 3079 88118888

224 3113 282 3183 od:
315 3118 350 3182 in
382 3115 423 3182 H.
447 3116 505 3197 Ill,
531 3119 583 3195 15,
620 3117 657 3180 11
684 3117 852 3200 1891888188
883 3119 927 3183 od
948 3119 1148 3184 8881881888
1169 3122 1311 3197 8888188
1350 3121 1391 3186 H.
1415 3120 1440 3199 Ι,

224 3225 275 3304 87,
302 3223 374 3307 13²)
397 3245 507 3290 coram
528 3225 657 3290 8881888
672 3224 820 3290 Moschus
842 3225 969 3290 liberius
991 3227 1139 3292 reticebat
1161 3228 1205 3293 od
1219 3227 1442 3293 8188888188

222 3331 423 3397 1888818888
444 3331 548 3413 fidem.
572 3330 611 3394 ln
634 3330 790 3395 codicibus
813 3335 920 3396 autem
943 3335 1015 3416 post
1037 3333 1224 3398 vocabulum
1243 3335 1339 3417 [1188
1360 3333 1441 3419 legi·

225 3440 278 3502 tur
297 3443 353 3520 apt
370 3443 522 3504 88818188
537 3440 594 3502 aut
614 3439 797 3503 immolatus
820 3440 876 3501 aut
898 3437 1049 3503 imitatos.
1075 3437 1178 3523 Caput
1200 3440 1296 3519 enim,
1319 3441 1354 3506 in
1377 3461 1440 3524 quo

223 3543 301 3608 haec
324 3545 420 3608 verba
442 3546 567 3623 extent,
591 3544 731 3628 pertinet
753 3543 792 3608 ad
815 3565 869 3624 ee,
894 3565 974 3627 quae
998 3565 1036 3608 ex
1058 3545 1258 3629 interpolatis
1280 3546 1437 3611 codicibus

223 3650 405 3716 recentioris
429 3651 543 3714 aetatis
566 3651 741 3735 supplenda
763 3656 846 3729 sunt,
871 3672 942 3716 cum
958 3651 1091 3717 Mcdioei
1113 3652 1233 3731 folium,
1257 3674 1319 3736 quc
1335 3653 1441 3737 capite

223 3755 266 3824 H.
290 3755 315 3836 I,
348 3757 389 3821 86
413 3757 486 3820 inde
510 3779 529 3820 8
552 3757 656 3821 verbis
679 3759 788 3839 irrepta
809 3763 957 3840 proesius
977 3781 1076 3842 usque
1108 3759 1147 3824 ad
1176 3758 1222 3838 Π,
1254 3760 1273 3822 2
1299 3757 1440 3842 Cyprum

224 3864 467 3930 continebantur
489 3862 626 3947 perierit.
658 3863 755 3928 Varie
777 3864 922 3928 homines
945 3864 1028 3930 docti
1049 3866 1154 3929 locum
1177 3887 1289 3930 sanare
1312 3865 1439 3930 studue-

224 3974 309 4049 runt,
333 3989 403 4034 cum
427 3968 481 4032 alii
504 3971 687 4035 immoratos
710 3969 923 4049 defenderent,
954 3971 1009 4034 alii
1030 3973 1183 4038 18868188
1204 3972 1352 4051 mallent,
1376 3971 1440 4038 8118

225 4075 298 4155 8118,
322 4096 403 4158 quae
425 4097 453 4140 v.
477 4075 562 4160 apud
585 4073 749 4144 Halmium
771 4077 804 4140 in
829 4097 940 4144 comm.
964 4078 1033 4141 crit.
1059 4077 1199 4152 Quorum
1217 4078 1256 4142 de
1272 4077 1439 4142 sententiis

224 4182 284 4246 hoc
306 4181 376 4246 loco
398 4181 562 4267 disputare
585 4204 651 4246 non
675 4203 814 4266 possum,
850 4184 980 4248 verbum
1010 4187 1137 4249 tantum
1161 4184 1357 4250 delectione
1379 4186 1439 4250 im·

317 4445 337 4516 ¹)
354 4445 396 4500 (11.
413 4446 446 4500 A.
465 4446 541 4512 XIII,
559 4446 603 4510 56,
621 4447 637 4502 'l
656 4446 673 4513 †
691 4446 777 4502 188888
793 4448 873 4502 nobie
890 4453 963 4504 terro
980 4449 1011 4502 io
1028 4449 1113 4504 eitam
1131 4477 1165 4486 —
1183 4454 1275 4519 poisat

314 4534 337 4603 ²)
357 4536 414 4590 Hoc
438 4535 608 4606 exemplum,
629 4535 703 4604 quod
728 4537 840 4605 proprie
859 4553 886 4606 p.
906 4537 939 4590 56
962 4538 1232 4592 commemorandum
1251 4541 1320 4602 eret,
1338 4538 1439 4602 censis,

225 4642 297 4695 quae
315 4624 398 4679 facile
417 4623 630 4693 intelleguntur,
649 4625 700 4679 hoc
717 4623 778 4681 loco
795 4625 897 4694 recepi.
