3314 5274
669 281 867 342 ..8.-

157 478 219 554 sst,
253 475 343 539 nullo
374 474 443 538 loco
471 473 617 538 Tacitum
651 475 811 558 scripsisse
849 495 1057 557 «componere
1092 468 1263 555 epistulas
1282 471 1306 557 1)
1343 473 1383 538 ad

157 581 327 665 aliquem.»
353 618 397 628 —

245 687 388 752 Verbum
411 683 526 750 (licere
550 684 593 750 all
617 683 765 770 aliquem
788 710 827 752 ex
850 709 909 750 usu
932 687 1062 750 Taciteo
1097 709 1162 750 non
1196 691 1258 751 est:
1283 709 1381 750 unum

156 797 283 859 tantum
307 793 486 877 exemplum
508 793 543 857 in
567 794 606 859 H.
630 793 689 870 III,
714 795 766 874 24,
792 795 810 857 9
835 793 948 876 reperi,
973 793 1028 856 ubi
1051 793 1165 858 omisso
1182 794 1276 856 verbo
1292 793 1381 876 lega-

157 906 225 965 tur:
244 901 411 983 plurumi
434 902 591 980 tertianus,
617 923 657 966 sc.
682 901 771 966 dixit.
819 899 867 963 De
891 899 952 964 alio
976 921 1035 964 usu
1050 899 1147 963 huius
1171 900 1327 964 enuntiati
1350 923 1380 967 v,

157 1005 462 1084 mumd-

245 1111 306 1177 sed
329 1117 366 1177 ut
388 1113 428 1176 ad
452 1114 604 1178 vocabula
628 1115 781 1195 epistulae
804 1112 938 1195 aliaque,
962 1112 1010 1176 ita
1032 1112 1128 1178 etiam
1154 1113 1193 1175 ad
1218 1113 1382 1191 vocabula,

156 1223 336 1303 quaesunt
362 1215 536 1284 «nuncius»
563 1223 596 1283 et
621 1235 772 1300 «proces»
798 1219 990 1303 praepositio
1015 1218 1160 1295 additur,
1189 1218 1274 1302 quod
1306 1241 1382 1282 con·

155 1327 286 1390 firmant
308 1326 453 1410 exempla
483 1326 517 1388 in
550 1325 591 1390 H.
617 1325 686 1403 JV,
712 1326 771 1402 86,
806 1327 973 1391 30ccaltis
1003 1325 1045 1390 cd
1077 1325 1232 1390 Cerialem
1261 1327 1383 1390 nuntiis

152 1433 247 1515 fidem
263 1433 330 1497 eius
353 1433 568 1514 temptavisse,
594 1430 635 1496 A.
661 1430 749 1509 XIII,
774 1434 804 1509 9,
832 1432 993 1514 Interque
1016 1432 1059 1496 ad
1079 1432 1254 1514 Volopescm
1280 1452 1383 1516 repam

155 1540 279 1603 crant-iis
301 1539 480 1618 maeoseu
502 1537 543 1618 Il,
569 1540 621 1616 30,
650 1540 688 1602 17
706 1544 860 1604 extremas
869 1559 979 1619 preces
994 1538 1033 1602 P.
1053 1538 1197 1618 Quirinio
1202 1540 1384 1621 propinquo

158 1665 213 1710 suo
236 1646 280 1710 ad
296 1647 477 1726 prinoipem
500 1646 671 1709 mandavit.
705 1644 896 1708 insolentior
920 1645 1071 1709 hocloco
1097 1645 1263 1708 verborum
1286 1646 1383 1709 collo-

157 1751 240 1816 catio
264 1773 359 1814 sensu
382 1755 558 1828 excusatur,
583 1773 654 1814 cum
678 1753 721 1815 od
737 1753 927 1833 principem,
952 1773 1033 1834 quae
1057 1752 1153 1814 rerba
1173 1750 1383 1813 sententiolae

157 1863 191 1922 at
213 1863 355 1922 senatum
377 1863 501 1940 reparet
524 1856 571 1938 (in
594 1879 620 1924 e.
639 1858 690 1934 31,
718 1855 750 1940 1)
774 1861 990 1940 opponuntur,
1015 1879 1086 1920 cum
1110 1856 1141 1920 vi
1165 1856 1321 1920 dicantur.
1341 1894 1383 1901 -

158 1964 206 2028 De
229 1963 464 2048 praepositione
491 1985 637 2027 «versus»
663 1986 691 2027 v.
718 1961 821 2030 Greet'.
845 1987 875 2048 p.
895 1964 914 2027 5
938 1967 970 2028 et
992 1964 1031 2027 cf.
1057 1953 1095 2030 G.
1121 1963 1172 2041 44,
1195 1962 1384 2028 tiSar'oaam

157 2071 229 2136 binc
251 2071 400 2149 civitates,
424 2071 505 2134 citae
527 2069 738 2134 inoccatum.
766 2107 805 2116 -

248 2175 286 2238 In
309 2175 359 2238 his
379 2176 479 2262 igitur
500 2175 771 2260 praepositionem
789 2199 845 2260 pro
861 2176 965 2259 prima
981 2175 1215 2261 significatione
1238 2175 1385 2260 usurpari

159 2282 331 2347 clarissime
362 2285 509 2368 apparet:
542 2282 605 2345 iam
638 2303 808 2367 pergamus
841 2282 879 2345 ad
910 2304 999 2360 eam,
1031 2305 1126 2365 quam
1155 2282 1293 2346 secundo
1317 2282 1384 2346 loco

158 2390 339 2474 ponendam
363 2388 540 2454 statuimus.

426 2602 459 2679 b.
486 2601 534 2678 De
561 2603 785 2700 perveniendo
814 2604 857 2679 sd
884 2627 957 2679 rem
985 2603 1116 2682 dicitur.

248 2777 353 2842 Multo
375 2778 513 2843 crebrior
536 2779 588 2842 hio
610 2801 685 2842 usus
709 2782 756 2843 est
779 2799 824 2857 eo,
849 2781 974 2860 dequo
1005 2778 1098 2843 modo
1129 2780 1277 2844 diximus.
1325 2779 1384 2841 sed

158 2886 185 2950 si
210 2887 354 2950 accurate
378 2885 621 2963 consideramus,
646 2887 715 2949 tum
739 2885 773 2948 in
804 2886 843 2950 iis
870 2907 997 2968 quoque
1020 2886 1114 2965 locis,
1146 2908 1224 2969 quos
1256 2887 1295 2950 ad
1325 2886 1386 2950 hoc

159 3014 260 3078 genus
282 2991 456 3071 referimus,
482 2991 707 3078 distinguenda
724 2996 773 3056 est
789 2993 904 3076 duplex
921 2992 1116 3077 significatio
1131 2991 1385 3078 praepositionis,

161 3121 243 3182 quae
266 3120 304 3161 ex
326 3119 363 3161 so
385 3099 512 3183 pendet,
536 3102 645 3162 utrum
667 3099 826 3164 sententia
849 3099 900 3176 sit,
925 3121 992 3163 rem
1015 3098 1081 3164 sive
1104 3099 1266 3165 hominem
1286 3121 1386 3181 usque

162 3205 202 3268 ad
224 3205 329 3268 locum
351 3205 531 3288 pervenisse
548 3230 589 3269 an
605 3228 729 3270 cursum
746 3210 872 3270 tantum
889 3206 974 3271 hunc
989 3208 1093 3271 locum
1115 3229 1221 3271 versus
1238 3207 1386 3283 tenuisse,

163 3333 258 3395 quem
281 3315 535 3394 consequeretur.
583 3311 636 3376 Sic
659 3312 795 3396 exempli
818 3334 914 3376 causa
934 3313 1101 3376 discrimen
1122 3311 1290 3377 intercedit
1305 3313 1388 3375 inter

162 3418 445 3504 praepositionem,
477 3440 559 3501 quae
592 3421 641 3483 est
670 3419 704 3482 in
731 3418 907 3483 sententia:
940 3418 998 3483 ‹ad
1030 3423 1154 3502 patrem
1186 3419 1387 3503 proficiscens

163 3525 350 3589 interiectus
372 3529 440 3588 est»
466 3529 499 3589 et
522 3547 618 3608 quam
641 3525 777 3610 legimus
800 3525 836 3587 in
861 3523 979 3588 verbis:
1006 3525 1065 3589 «ad
1088 3529 1212 3609 patrem
1229 3524 1388 3609 profectus

166 3634 246 3709 est»,
280 3653 475 3714 quamquam
499 3631 692 3715 praepositio
721 3632 757 3694 in
780 3637 915 3715 utraque
943 3631 1105 3696 sententia
1136 3631 1220 3695 idem
1250 3631 1388 3715 primum

165 3738 303 3802 valebat.
351 3737 436 3812 Quin
458 3739 679 3816 nuncetiam,
707 3739 734 3803 si
757 3739 840 3803 ratio
870 3739 1077 3825 grammatica
1109 3739 1285 3823 respicitur,
1317 3759 1387 3802 cum

168 3844 247 3907 ‹ad›
273 3843 307 3907 in
332 3844 432 3908 altera
456 3846 616 3910 sententia
644 3867 710 3909 non
742 3845 805 3910 nisi
836 3868 894 3930 per
920 3847 1120 3910 decurtatam
1151 3844 1274 3909 dicendi
1306 3843 1389 3906 viam

166 3973 224 4036 pro
250 3971 368 4033 ‹usque
392 3950 450 4014 ad»
476 3956 663 4036 usurpatum
679 3951 722 4016 sit
741 3987 774 3997 —
796 3951 835 4014 de
851 3974 916 4035 quo
931 3973 1027 4035 supra
1047 3951 1182 4014 vidimus
1200 3987 1238 3996 —
1257 3951 1389 4014 eandem

166 4055 431 4141 significationem
455 4059 560 4121 habet.
596 4056 708 4141 Itaque
732 4080 803 4122 cum
826 4079 864 4122 ex
887 4059 964 4144 ipsis
979 4059 1082 4134 rebus,
1106 4080 1187 4141 quae
1207 4061 1388 4130 narrantur,

166 4163 242 4228 solis
265 4164 414 4248 cognosci
435 4164 544 4246 possit,
568 4160 712 4229 nostrum
737 4169 843 4229 autem
866 4166 917 4243 sit,
941 4165 1184 4250 grammaticam
1206 4166 1331 4227 tantum
1356 4161 1389 4223 in

167 4270 228 4335 hac
252 4271 465 4355 disputatione
488 4271 585 4354 sequi,
610 4271 670 4336 hoo
696 4270 866 4336 discrimen
889 4272 923 4336 in
947 4272 996 4351 iis,
1020 4294 1102 4356 quas
1126 4272 1188 4336 hnc
1215 4270 1389 4355 pertinent,

261 4445 281 4514 ¹)
300 4446 341 4502 De
354 4446 459 4516 plurali
472 4465 587 4511 numero
599 4447 682 4502 huius
696 4449 834 4513 vocabuli,
847 4450 877 4504 in
890 4466 945 4518 qno
958 4449 1072 4504 Tacitus
1085 4447 1244 4516 analogiam
1259 4445 1391 4502 vocabuli

171 4535 304 4594 «literae»
325 4539 436 4594 secutus
455 4540 500 4592 est
518 4537 552 4591 cf.
572 4536 758 4594 wastinis
776 4537 878 4595 Philol.
897 4537 996 4602 XXVI,
1014 4556 1043 4610 p.
1064 4537 1123 4592 152.
