3314 5274
692 343 910 406 „70-

188 536 263 600 solis
286 537 320 600 in
347 535 540 602 Annalibus:
566 537 598 598 in
623 537 644 604 l.
669 537 694 614 I,
720 539 771 616 52,
797 538 831 613 43
855 535 914 620 III,
932 537 983 614 63,
1009 537 1045 609 4;
1071 534 1126 613 VI,
1147 535 1197 613 18,
1223 537 1235 598 l
1258 533 1411 620 (patres);

187 643 325 721 22,14;
361 643 416 718 XI,
444 643 492 720 15,
521 643 552 717 1;
588 642 664 720 XII,
699 646 750 722 53,
779 646 793 706 1
820 642 971 726 (patres);
1003 640 1090 720 XIV,
1116 643 1171 717 17,
1199 643 1238 705 10
1262 636 1405 724 (patres).

190 749 351 814 Accedunt
376 749 436 812 loni
459 748 492 810 in
517 749 537 810 l.
562 748 649 826 XIV,
675 751 725 826 39,
752 751 792 812 10
815 754 923 813 earteta
945 754 1049 812 tamea
1071 749 1113 811 art
1136 749 1411 828 imperatoremm

187 855 309 919 mollius
333 855 443 932 relata,
468 858 500 916 et
515 853 586 931 XV,
612 857 664 934 22,
689 857 712 918 3·
732 876 769 918 ae
792 857 863 937 qais
885 856 928 918 art
952 854 1115 918 eaaeiliara
1137 854 1291 920 sotiorum
1313 856 1410 934 reser-

187 967 234 1026 ret
260 960 312 1042 (of.
340 985 369 1046 p.
395 961 460 1044 22).
499 959 651 1026 Similiter
674 961 769 1025 etiam
793 957 926 1025 reicere
951 957 995 1023 ad
1017 960 1168 1042 seriptum
1195 981 1260 1024 esse
1282 951 1411 1023 invenio

187 1068 222 1130 in
246 1067 282 1132 Α.
308 1067 334 1144 Ι,
359 1067 411 1144 26,
446 1069 485 1130 12
509 1067 526 1105 *
549 1089 661 1132 aonam
693 1070 728 1133 to
754 1069 862 1149 pleae,
897 1067 979 1150 qaod
1004 1068 1176 1147 imperator
1200 1066 1269 1130 sota
1299 1065 1411 1130 militis

187 1175 344 1239 ammodo
366 1175 409 1238 aet
430 1181 571 1238 seaatam
593 1177 720 1252 reiciat·
745 1176 795 1253 47,
820 1175 839 1236 8
864 1172 880 1210 *
902 1173 997 1238 amal
1020 1173 1262 1238 adulescentibus
1284 1193 1411 1238 aecusa-

187 1285 253 1344 tam
278 1282 431 1362 quaedam
453 1282 497 1346 ad
512 1288 639 1362 patrem
661 1283 783 1346 reicere.
807 1317 849 1358 ,-

278 1388 299 1450 f.
325 1387 463 1451 Restant
478 1387 613 1470 denique
631 1389 723 1471 pauni
739 1388 808 1465 loni,
833 1386 947 1470 quibus
974 1387 1053 1450 «ad»
1072 1407 1143 1448 omn
1158 1389 1272 1449 neutro
1295 1407 1410 1471 genere

188 1493 298 1558 adieat'
276 1495 333 1556 trvi
366 1495 512 1558 coniunot
513 1517 567 1556 um
590 1494 758 1557 formulam
781 1493 886 1567 efficit,
911 1515 991 1575 quae
1008 1514 1065 1576 pro
1082 1492 1229 1555 adverbio
1245 1491 1378 1559 dloatnr
1388 1495 1410 1572 ¹)

187 1597 279 1682 Apud
305 1598 399 1663 Tatii
385 1604 454 1662 tum
478 1601 556 1664 duae
579 1603 706 1662 tantum
730 1599 898 1663 eiusmodi
921 1599 1075 1690 formulae
1092 1597 1152 1662 hae
1175 1598 1410 1682 praeposItione

188 1689 428 1788 componuntnr,
459 1727 538 1788 quae
555 1711 647 1768 sunt:
618 1703 716 1769 tad
733 1704 936 1790 extremum,
954 1727 1034 1788 quae
1058 1706 1096 1768 de
1118 1708 1261 1787 tempore
1283 1706 1410 1768 tanturn

190 1812 230 1873 ab
253 1834 289 1874 eo
312 1816 446 1894 usurpat
447 1834 500 1888 nr,
534 1815 565 1874 et
552 1808 639 1874 tad
668 1811 893 1896 postremum,
928 1833 1007 1894 quae
1031 1811 1125 1873 etde
1149 1811 1409 1894 temporeetde

189 1917 425 1981 enumeratione
451 1918 539 2001 ponii
542 1941 596 1992 ur;
619 1918 707 1980 illam
730 1918 897 2003 legimus
890 1940 922 1980 in
940 1917 980 1981 H.
998 1917 1023 1994 I,
1042 1919 1093 1993 46,
1121 1917 1159 1979 19
1183 1917 1226 1980 att
1247 1917 1340 1980 sedit
1315 1921 1411 1980 tapes

187 2030 216 2087 et
237 2025 411 2088 discordias
443 2031 470 2088 et
501 2026 543 2088 aot
577 2033 748 2089 eatremam
777 2025 855 2089 bella
884 2025 990 2090 eiailia
1021 2024 1167 2102 raabaut;
1198 2021 1256 2100 ΙΙΙ,
1288 2024 1341 2098 22,
1366 2023 1406 2084 21

188 2131 324 2211 aquilam
350 2131 473 2196 Atilius
500 2132 603 2197 Verus
627 2169 667 2176 -
692 2131 791 2194 realta
819 2151 887 2194 eam
909 2131 1044 2194 bostiam
1065 2135 1171 2212 strape
1193 2135 1221 2192 et
1243 2129 1286 2192 ad
1308 2134 1409 2192 eatre-

188 2256 274 2300 maae
300 2238 433 2301 moriers
455 2244 644 2316 servatoru
667 2236 750 2300 hane
773 2237 806 2298 in
831 2235 870 2299 H.
894 2236 919 2313 I,
945 2238 996 2312 39,
1023 2237 1063 2298 10
1087 2237 1152 2300 siae
1176 2271 1214 2280 -
1239 2257 1293 2300 seu
1311 2271 1348 2280 -
1366 2236 1410 2298 att

183 2349 375 2422 postremam
391 2343 436 2408 oet
460 2344 544 2422 odio,
568 2343 610 2419 II,
635 2345 685 2420 27,
713 2343 818 2408 iurat
834 2350 1026 2425 postremam
1048 2342 1163 2408 Valeas
1183 2377 1216 2388 -
1239 2341 1409 2423 perfidiam

188 2450 400 2530 suspectabat3
429 2449 489 2524 IV,
516 2452 566 2526 16,
593 2452 632 2514 17
657 2451 698 2514 aet
716 2455 909 2530 postremam
928 2449 1149 2532 pateraatores
1175 2484 1213 2496 -
1238 2449 1410 2526 iraeadem,-

189 2554 227 2619 A.
251 2555 293 2632 II,
320 2558 371 2631 45,
400 2558 438 2619 19
462 2559 478 2596 Ἰ
502 2558 544 2621 aet
561 2563 753 2638 postremam
775 2558 877 2627 eiectis
900 2556 1070 2635 Romania
1093 2553 1182 2632 XIII,
1200 2557 1252 2630 22,
1271 2555 1409 2618 Inertis

187 2680 284 2727 mooe
306 2663 426 2727 artibus
449 2665 567 2742 elaeae,
598 2666 654 2729 art
671 2671 933 2745 postremam
956 2665 990 2726 ia
1012 2663 1088 2728 arbe
1110 2668 1246 2726 retentas
1269 2667 1331 2738 est,·
1355 2661 1406 2739 io,

189 2770 228 2832 17
256 2771 389 2835 deicitur
421 2771 645 2851 familiaritate
666 2777 763 2846 saeta,
791 2777 886 2850 post
908 2790 1069 2851 conpressa
1096 2775 1124 2832 et
1155 2769 1300 2834 comeatu
1331 2766 1408 2832 Otho

187 2883 215 2940 et
237 2877 294 2940 ad
319 2883 579 2957 postremam
601 2915 637 2924 -—
664 2878 847 2958 prooirwiae
868 2877 1056 2940 [aesitaaiae
1082 2876 1283 2957 praeficiam
1318 2871 1406 2950 XVI,

186 2984 239 3057 21,
266 2984 281 3045 1
311 2983 528 3048 Trucidatt
452 2989 545 3047 ttoae
528 2984 757 3065 otiasipaibas
779 2984 860 3047 airis
883 2983 926 3046 ad
943 2986 1137 3061 postremam
1152 2981 1240 3044 Nero
1263 2981 1407 3044 virtatem

186 3090 291 3169 ipsam
314 3091 476 3154 exauctare
498 3111 552 3154 aori
553 3091 733 3171 capivit—
699 3089 802 3154 -De
826 3089 934 3153 hist
900 3093 996 3172 atque
1020 3087 1176 3152 similibus
1199 3087 1344 3150 formalis
1367 3085 1406 3148 e.f

89 3182 91 3186 ¹
186 3194 379 3257 Handium
372 3218 404 3258 m
428 3196 517 3259 Ture.
542 3195 569 3272 Ι,
601 3221 630 3280 p.
658 3199 735 3273 131,
768 3198 806 3260 de
836 3195 989 3278 singulari
1013 3195 1148 3277 quadam
1172 3193 1342 3278 signifieat
1334 3215 1408 3258 ione

186 3301 270 3365 vocis
292 3303 335 3365 ad
351 3308 546 3383 postremum
569 3303 766 3386 maximeque
789 3302 945 3379 adverbii,
979 3302 1063 3385 quod
1094 3305 1144 3364 est
1165 3306 1332 3380 postrato,
1366 3298 1405 3362 of.

189 3407 406 3472 BitttIoherum
430 3409 463 3472 in
487 3408 561 3474 Lex.
587 3409 660 3473 Teo.
684 3432 714 3493 p.
742 3409 814 3475 151.

227 3745 289 3824 lie
317 3745 606 3827 oolloaatione
634 3744 973 3847 praepositionis
1001 3741 1371 3844 supplementum.

276 3939 315 4002 In
338 3940 512 4004 minoribus
529 3940 654 4023 seriptis
670 3938 880 4022 Historiisqne
901 3961 970 4003 raro
993 3943 1116 4002 tantum
1143 3936 1407 4021 praeposifionem

155 4043 272 4108 *inter
294 4047 483 4111 adiectivnm
507 4048 555 4111 vel
580 4069 750 4130 pronomen
767 4051 800 4110 ot
823 4045 1056 4110 substantivum
1070 4044 1166 4109 inseri
1189 4044 1253 4108 iam
1268 4041 1408 4106 Woiffli-

189 4173 248 4214 nus
265 4153 299 4216 in
316 4153 429 4218 Philol.
448 4154 581 4233 XXVII,
600 4178 629 4238 p.
650 4155 712 4218 129
728 4153 966 4220 demonstravit.
984 4150 1073 4226 Quod
1089 4151 1185 4214 etiam
1201 4149 1409 4216 collocatione

190 4260 432 4342 praepositionis
458 4262 535 4331 «ad»
561 4261 774 4324 confirmatur.

284 4470 300 4538 ¹)
321 4472 479 4528 Innumeris
498 4479 593 4528 autem
611 4472 679 4526 loeis
697 4471 864 4526 adverbium
882 4488 933 4540 per
951 4470 1171 4540 praepositiones
1192 4486 1251 4534 «ex,
1269 4469 1307 4536 in,
1331 4485 1406 4538 perp

75 4609 81 4624 ,
190 4578 261 4628 qnae
280 4578 343 4616 cnm
362 4565 461 4618 neutro
479 4562 616 4618 adieetivi
629 4561 843 4634 coniunguntur,
862 4559 1088 4628 circumscripsit,
1108 4557 1408 4614 cf.wolfflin.Phi10l.
1433 4575 1439 4587 *

189 4648 287 4712 xxvi,
306 4668 334 4720 p.
355 4648 415 4700 iro.
