3314 5274
684 353 901 422 „33-

266 551 297 615 2.
322 547 372 614 Hx
388 570 426 614 ea
440 545 674 632 significatione
690 545 944 631 praepositionis,
965 565 1046 630 quac
1062 545 1268 614 directionem
1284 545 1323 613 ad
1338 568 1406 610 rem

177 677 286 720 versus
320 655 477 740 exprimit,
501 657 539 718 ut
561 675 588 722 e.
613 674 638 717 c.
662 652 796 732 dicitur:
821 653 951 720 adrem
974 653 1114 738 aliquam
1145 653 1253 718 oculos
1279 653 1404 730 referre,

149 804 152 811 ι
179 763 276 828 etiam
304 760 358 826 ille
390 783 466 826 usus
494 759 699 844 explicandus
730 761 793 839 est,
824 758 850 826 si
881 760 977 826 verba
1000 763 1075 824 sunt
1097 755 1254 825 intentus
1278 756 1320 825 66
1344 754 1406 824 ali·

178 865 276 956 quid,
300 869 335 932 in
358 889 421 952 quo
443 889 503 933 nos
526 866 791 952 praepositionem
814 887 870 951 per
896 865 989 930 «auf»
1015 867 1185 946 vertimus,
1210 866 1263 950 (of.
1287 865 1406 932 Handii

180 977 271 1042 Ture.
294 975 321 1056 I,
345 999 376 1060 p.
402 975 467 1060 82).
493 974 571 1040 Loci
594 978 684 1039 sunt:
708 974 740 1038 in
766 970 808 1040 H.
831 972 873 1054 Π,
898 975 950 1054 67,
975 975 1181 1058 9nnrnaaann
1194 975 1242 1039 ita
1257 973 1300 1038 ud
1315 993 1407 1038 caras

181 1086 296 1150 intento
323 1083 462 1164 Vitellia,·
484 1080 543 1161 III,
568 1083 625 1159 63,
650 1081 671 1145 4
694 1081 737 1148 66
753 1081 928 1164 procliuia,
949 1079 1007 1159 IV,
1028 1083 1059 1160 2,
1080 1083 1099 1145 2
1122 1085 1154 1146 et
1170 1079 1210 1148 A.
1223 1079 1280 1158 IV,
1294 1081 1346 1159 67,
1365 1079 1405 1144 16

181 1191 226 1256 ad
248 1211 360 1268 caram·
383 1188 422 1254 A.
440 1187 497 1267 XI,
515 1189 568 1267 29,
589 1188 668 1256 966
689 1188 859 1254 occasiones
867 1212 878 1270 ,·
900 1186 989 1268 XIV,
1015 1188 1067 1268 24,
1094 1188 1134 1252 14
1157 1187 1201 1256 ad
1221 1185 1405 1270 66661)-

271 1298 302 1364 8.
325 1295 440 1380 Itaque
462 1293 659 1386 praepositio
682 1283 863 1382 usurpatur,
887 1294 915 1358 si
937 1294 1177 1378 exprimendum
1200 1299 1259 1375 est,
1275 1316 1342 1361 reru
1356 1292 1407 1356 rel

182 1425 351 1489 personam
373 1423 556 1468 conversam
577 1401 642 1469 sive
664 1401 840 1490 obversam¹
852 1423 919 1466 esse
940 1401 987 1466 rei
1002 1402 1054 1470 vel
1069 1423 1223 1487 personne
1238 1401 1271 1470 h.
1289 1423 1315 1471 6.
1333 1421 1406 1485 pro-

182 1534 258 1578 nam
280 1511 407 1575 siesse.
1407 1591 1410 1597 Ι

273 1641 301 1683 a.
332 1615 411 1682 Ourn
438 1611 553 1680 verbis
584 1615 662 1678 «66»
688 1614 736 1679 ita
762 1616 983 1701 coniungitur,
1014 1637 1095 1700 quae
1120 1618 1210 1692 suut:
1234 1609 1406 1678 inclinare

184 1723 275 1810 aad)
299 1725 333 1788 in
355 1723 396 1792 D.
420 1723 472 1803 28,
496 1723 539 1786 28
562 1724 626 1789 sice
648 1724 779 1788 adrem
801 1723 971 1788 militarent
992 1730 1057 1788 stae
1078 1722 1121 1788 ad
1143 1724 1227 1788 iaris
1245 1707 1425 1788 scientiane¹

182 1835 249 1899 sine
270 1833 313 1898 ad
334 1831 538 1914 eloquentiam
559 1831 701 1896 stadium
723 1830 903 1896 inclinasset
910 1852 921 1908 ‚·
944 1828 986 1898 H.
1009 1829 1036 1908 Ι,
1060 1829 1112 1908 81,
1137 1830 1156 1894 6
1180 1828 1342 1896 inclinatis
1364 1829 1408 1894 ad

168 1929 392 2023 'sepitionem‘
405 1939 572 2019 6666666,
594 1937 636 2017 II,
663 1939 692 2017 1,
718 1939 757 2006 12
781 1938 824 2004 ad
846 1937 1052 2018 credendam
1075 1935 1131 2016 45,
1157 1935 1176 2000 6
1207 1936 1250 2002 66
1274 1936 1408 2018 praeni-

186 2046 314 2114 anaa
335 2045 575 2124 tautanius,
598 2043 654 2124 66,
680 2046 733 2122 rc,
759 2021 845 2111 aaa
867 2047 1008 2130 qratiam
1029 2045 1250 2126 666666,
1274 2005 1341 2122 ce?
1364 2041 1407 2105 24

184 2155 228 2221 ad
249 2155 393 2232 mitiora;
416 2153 451 2216 in
474 2152 578 2237 priore
600 2156 691 2236 parte
713 2150 892 2220 Annalium
915 2173 980 2216 non
1002 2152 1177 2236 reperitur;
1209 2150 1243 2214 in
1270 2149 1291 2218 l.
1316 2147 1407 2229 XIII,

185 2263 238 2340 20,
265 2261 301 2324 11
329 2260 372 2325 ad
395 2257 676 2352 1666686666,
703 2258 759 2338 34,
789 2260 829 2322 17
853 2260 932 2324 iltnd
947 2260 1047 2343 inopis
1066 2259 1108 2324 ad
1121 2259 1301 2337 66666166,
1318 2255 1403 2335 XIV,

185 2369 237 2447 38,
263 2367 303 2432 10
328 2365 370 2432 66
386 2385 506 2447 pacem.
551 2364 665 2449 Itaque
694 2388 765 2430 cum
788 2364 917 2430 Tacitus
940 2367 1206 2451 praepositionem
1230 2366 1309 2429 ‹ad›
1336 2386 1402 2430 cum

184 2476 244 2540 hoc
261 2474 364 2553 verbo,
388 2473 415 2537 si
440 2472 478 2538 de
503 2474 606 2551 rebus,
630 2473 896 2557 praepositionem
922 2473 993 2537 ‹in›
1022 2511 1058 2520 -
1086 2477 1122 2537 ut
1144 2495 1182 2537 ex
1199 2472 1351 2556 exemplis
1372 2471 1405 2534 in

185 2577 288 2664 adn.²)
306 2561 440 2645 conlatis
462 2578 660 2666 intellegitur
685 2617 721 2627 -
748 2580 774 2645 si
800 2581 838 2644 66
865 2581 1006 2666 personis
1034 2579 1167 2660 diceret,
1194 2579 1406 2657 coniunxerit,

185 2688 237 2772 (cf.
268 2689 327 2752 sub
356 2710 407 2755 vv.
435 2708 590 2771 «pronus»
622 2691 655 2752 et
681 2688 912 2772 ‹promptus»),
949 2688 1053 2753 locum
1075 2689 1110 2752 in
1132 2687 1172 2753 A.
1195 2686 1251 2766 XI,
1277 2686 1328 2766 10,
1354 2685 1405 2763 18,

183 2795 238 2859 ubi
267 2793 426 2859 Mediceus
453 2793 564 2858 habet:
593 2793 700 2860 Malli
734 2797 921 2879 apordaeen
951 2795 1156 2874 inclinabant,
1190 2793 1334 2877 qnidam
1363 2791 1407 2858 ad

179 2900 398 2981 Meherdaten,
423 2900 656 2965 emendandum
679 2923 746 2967 esse
770 2901 963 2986 putaverim:
986 2901 1087 2968 Malli
1109 2904 1159 2966 an
1175 2899 1328 2968 Gotarzen
1351 2897 1403 2980 (cf.

178 3007 251 3087 XII,
270 3007 320 3087 13,
344 3008 379 3090 4)
395 3007 478 3086 incl,
494 3029 545 3090 pa.
562 3009 612 3072 in
626 3007 841 3088 Meherdaten,
866 3030 924 3094 pro
942 3031 1006 3092 qua
1020 3007 1154 3073 lectione
1170 3006 1304 3072 editores
1323 3006 1402 3098 «adp

178 3114 384 3199 seripserunt,
414 3117 447 3178 et
468 3114 504 3177 in
527 3113 564 3179 A.
588 3111 677 3193 XIV,
702 3115 753 3194 52,
779 3116 799 3179 3
823 3137 879 3200 pro
902 3115 1024 3181 verbis:
1049 3115 1137 3181 Nero
1160 3115 1217 3181 ael
1239 3115 1406 3181 deteriores

178 3220 357 3301 inclinabat,
374 3219 483 3286 eadem
499 3241 593 3285 causa
607 3225 767 3305 permotus
783 3223 829 3286 sic
843 3223 993 3288 restituo:
1019 3223 1063 3289 N.
1080 3225 1130 3288 in
1150 3221 1317 3289 deteriores
1331 3221 1403 3288 incl.

177 3323 338 3410 paruero
361 3324 404 3392 66
425 3327 461 3391 16
482 3326 523 3395 A.
547 3327 602 3408 XI,
632 3329 685 3407 26,
710 3329 729 3391 2
754 3327 797 3394 66
818 3330 993 3414 incopnitas
1016 3327 1169 3396 libidines.
1201 3325 1268 3393 niti
1298 3325 1340 3394 66
1370 3329 1405 3394 iu

179 3435 241 3521 Ag.
266 3436 297 3514 6,
322 3437 341 3499 3
365 3435 409 3501 ad
430 3435 563 3501 nana.

267 3541 298 3607 b.
322 3539 443 3606 Eodem
462 3549 564 3606 'sensu
594 3541 785 3626 praepositio
807 3544 882 3628 post
906 3536 1072 3605 adiectira
1099 3543 1256 3626 sequitur:
1280 3556 1405 3623 pronus

179 3644 236 3712 adr
257 3647 292 3712 in
315 3647 357 3713 H.
381 3647 407 3728 I,
433 3647 471 3728 5,
494 3649 514 3720 ,6
538 3649 583 3715 66
604 3669 702 3715 nonas
723 3669 790 3730 res,·
815 3647 857 3728 11,
883 3649 935 3728 21,
961 3653 978 3714 ‘t
1003 3649 1047 3714 ad
1068 3651 1272 3734 sepitionem
1297 3650 1358 3729 33,
1384 3649 1405 3713 4

270 3911 290 3982 ¹)
308 3911 440 3971 Ceterum
458 3913 649 3986 compluribus
667 3931 777 3984 quoque
795 3913 864 3970 locis
882 3933 946 3972 cum
965 3914 1064 3970 dativo
1081 3914 1134 3969 hoc
1151 3913 1327 3972 adiectivum
1339 3932 1403 3970 oon·

180 4001 318 4072 iungitur,
346 4020 370 4058 e.
390 4020 412 4058 c.
431 4003 462 4058 in
480 4003 516 4057 Η.
533 4003 581 4072 IV,
601 4004 644 4069 69,
665 4004 711 4068 17;
730 4004 765 4070 V,
785 4005 827 4068 10,
845 4005 876 4074 8,
898 4004 931 4058 Α.
950 4005 972 4070 Ι,
992 4005 1035 4070 31,
1054 4005 1080 4068 7,
1103 4003 1178 4073 quod
1197 4022 1224 4058 v.
1244 4005 1319 4077 apud
1338 4005 1403 4059 Bit-

180 4091 322 4148 tieherum
341 4092 372 4146 in
390 4091 422 4148 L.
440 4091 471 4147 Τ.
490 4111 518 4163 p.
538 4091 588 4148 281
595 4115 602 4158 ;
630 4112 694 4151 eum
720 4093 929 4165 praepositione
951 4089 983 4146 16
1000 4093 1031 4148 16
1049 4087 1084 4148 ΙΙ.
1102 4093 1156 4159 IV,
1185 4095 1233 4160 18,
1263 4096 1276 4149 1
1297 4093 1405 4151 Gallae

181 4181 410 4252 6666666666,-
429 4183 472 4247 51,
491 4183 747 4254 8116666666
765 4183 853 4254 urbia·
870 4181 903 4238 A.
922 4183 971 4249 VI,
990 4183 1031 4250 25,
1053 4184 1086 4239 10
1103 4201 1249 4242 morem
1266 4185 1403 4256 animane.

272 4268 293 4339 ¹)
311 4266 524 4329 1661666166
551 4273 581 4328 16
599 4273 634 4328 Η.
652 4273 688 4338 Π,
706 4273 750 4339 30,
771 4273 802 4327 11
822 4271 978 4343 (lucanam,
1000 4273 1043 4338 tn,
1063 4273 1097 4328 13
1118 4274 1266 4342 Vitelliam
1290 4273 1341 4338 ΠΙ,
1361 4271 1403 4338 12,

182 4360 214 4414 11
234 4362 264 4416 et
281 4359 329 4426 IV,
350 4361 391 4424 13,
410 4361 444 4414 13
475 4361 685 4432 Vespasianum,¹
706 4360 740 4420 A.
758 4361 794 4426 II,
813 4363 856 4430 56,
875 4363 891 4421 6
910 4363 1057 4431 Zenonem
1077 4362 1126 4426 IV,
1145 4362 1188 4432 20,
1208 4361 1404 4432 1416666,

182 4449 224 4514 13,
242 4448 260 4502 4
278 4447 428 4520 Galeriam
445 4449 481 4505 cf.
499 4445 655 4502 Inclinatio
676 4445 724 4504 ine
751 4450 782 4505 in
806 4449 842 4508 H.
866 4451 902 4516 H,
925 4453 968 4520 92,
988 4452 1005 4506 8
1022 4451 1161 4507 1666661
1178 4451 1268 4520 nllam3
1291 4450 1340 4516 IV,
1360 4452 1403 4516 81,

181 4539 199 4594 3
220 4538 429 4609 Vespasiamnn.
447 4540 549 4610 Itaque
561 4539 771 4611 praepositione
782 4537 814 4594 16
830 4541 892 4598 tum
910 4541 1024 4598 tanturn
1035 4556 1101 4596 usus
1119 4541 1171 4604 est.
1190 4539 1215 4596 si
1227 4540 1264 4597 de
1275 4539 1402 4612 personis

181 4626 352 4698 loqueretur.
