3314 5274
701 351 922 415 ..64-

201 548 252 627 35,
267 547 306 610 16
319 546 405 611 116πά
416 546 520 610 aciaas
534 545 675 610 oalidara
690 545 733 608 ad
744 547 875 610 caitiara
886 547 1050 613 Macronis
1065 550 1179 616 odiam.
1197 552 1312 638 (Igitur
1325 555 1417 620 Han-

202 655 272 718 dius
295 653 329 716 in
353 653 444 716 Ture.
468 651 493 730 Ι,
520 674 550 735 p.
580 653 640 715 122
664 673 727 715 non
751 655 830 716 bene
853 653 954 716 locum
978 655 1012 718 in
1036 654 1074 719 Α.
1099 657 1154 736 VI,
1180 659 1230 739 14,
1256 661 1419 728 1016661-

202 761 403 846 pretabatur:
433 761 476 823 ad
499 759 644 824 Caesaris
673 761 847 824 amicitiara
875 762 1125 846 conciliandam).
1172 764 1279 848 Atque
1311 769 1420 833 analo-

202 869 287 955 giam
311 866 455 931 adiectivi
478 870 601 930 secutus
625 865 719 929 etiam
745 867 876 930 verbam
898 867 945 931 ita
967 869 1073 952 posuit
1096 870 1129 933 in
1153 871 1192 936 Α.
1217 871 1290 951 XII,
1307 874 1359 951 40,
1377 875 1420 938 24

200 977 307 1057 planes
326 995 384 1054 per
407 993 505 1038 aaaos
527 978 612 1057 posta
634 974 789 1052 ooaiaaai,
813 995 852 1038 ae
875 975 979 1040 dioisa
1001 977 1088 1040 taad
1098 980 1234 1058 periodo
1249 981 1293 1044 ad
1308 1001 1420 1046 memo·

201 1085 287 1148 riara
308 1083 358 1144 sai
380 1079 525 1144 calerent.
539 1074 800 1159 -praeoipuus
823 1074 883 1141 ad:
907 1080 940 1143 in
964 1080 1003 1147 A.
1027 1081 1082 1161 VI,
1110 1085 1158 1162 13,
1185 1085 1222 1146 ll
1241 1090 1347 1151 coatra
1366 1087 1422 1151 Ti-

202 1191 305 1254 berias
325 1187 511 1268 praccipaos
533 1185 576 1250 ad
596 1185 712 1250 scelera
733 1187 900 1267 iaarepaas
921 1189 1099 1270 6161166611,-
1122 1189 1207 1268 XIV,
1223 1192 1284 1270 58,
1309 1193 1329 1256 6
1346 1191 1421 1259 Oar-

203 1295 340 1360 baioaria
363 1331 405 1340 -
423 1294 634 1373 praecipuam
657 1293 701 1356 ad
717 1292 869 1373 pericula,
893 1294 974 1376 quod
999 1293 1137 1359 Rothius
1161 1296 1269 1360 vertit:
1294 1299 1423 1364 weladeo·

202 1423 257 1466 oar
279 1399 360 1464 aliea
381 1399 508 1464 bearat
528 1399 641 1463 salciea.
664 1435 702 1444 -
721 1397 760 1462 A.
784 1397 809 1476 Ι,
836 1400 888 1476 62,
913 1402 932 1463 9
955 1402 1020 1465 siae
1042 1404 1263 1467 eaereitara—
1276 1406 1422 1470 tarda·

204 1516 296 1573 tam
318 1508 362 1571 ad
380 1506 501 1587 proelia
516 1541 550 1550 —-
567 1505 724 1582 1661131161,Ι
748 1503 835 1582 XIV,
860 1505 911 1584 23,
936 1507 1006 1570 6π1
1021 1525 1186 1589 saporem
1208 1510 1252 1575 ad
1268 1512 1422 1591 pericula,

203 1618 251 1680 ita
272 1615 450 1696 infidam
472 1613 515 1676 ad
536 1613 710 1676 occasiones.
735 1647 776 1658 -
801 1611 841 1676 H.
866 1611 922 1689 IV,
949 1613 999 1690 72,
1026 1615 1061 1677 11
1084 1617 1187 1696 posito
1209 1618 1324 1681 eiciam
1347 1617 1421 1682 bello
1437 1637 1444 1644 ·’

204 1723 248 1788 ad
270 1728 397 1786 caterua
419 1720 694 1783 modestiores.
718 1755 761 1764 ἡ
784 1717 825 1782 Η.
849 1718 915 1797 ΙΙΙ,
948 1721 1007 1799 67,
1034 1725 1049 1784 1
1075 1723 1236 1788 Surdae
1258 1724 1302 1789 ad
1321 1725 1417 1804 fortio

205 1827 335 1894 coasilia
362 1826 480 1892 Vitellii
510 1845 611 1890 araas.
639 1863 674 1870 -
701 1824 741 1890 Α.
767 1824 837 1902 XV,
868 1827 919 1903 50,
945 1828 964 1889 8
988 1827 1120 1894 Natalis
1144 1831 1358 1911 parriceps
1380 1831 1422 1896 ad

205 1957 291 2001 omae
312 1939 460 2000 secretam
476 1931 589 1996 Pisoni
611 1939 687 1997 erat.
722 1931 762 1997 A.
787 1931 859 2011 XII,
886 1934 936 2012 54,
963 1934 980 1996 7
1006 1938 1168 2000 aemulo
1192 1937 1235 2001 ad
1254 1934 1423 2002 deterrima

211 2042 353 2108 Ventidio
370 2039 518 2117 Οπππαπο,
543 2039 580 2102 de
602 2061 664 2121 quo
686 2039 755 2104 loco
778 2061 807 2106 v.
831 2038 937 2102 Hand.
962 2039 1053 2103 Turs.
1076 2040 1102 2120 I,
1126 2065 1156 2125 p.
1184 2043 1256 2106 107.

294 2147 412 2210 Eadem
435 2144 532 2230 igitur
553 2145 676 2208 ratione
699 2144 881 2228 expedimus
904 2144 1009 2208 locum
1032 2145 1064 2209 in
1087 2146 1129 2215 H.
1153 2147 1194 2226 Il,
1219 2149 1426 2228 91711166

207 2257 362 2341 lepioaara
385 2253 479 2336 lopati
507 2287 541 2297 -
562 2252 726 2333 prosperis
753 2250 871 2316 Vitellii
892 2253 983 2317 retas
1005 2256 1207 2318 certaturi
1234 2255 1290 2320 ad
1315 2257 1420 2319 abac·

207 2363 376 2444 daiam,
404 2360 569 2424 aduersam
597 2359 663 2422 aias
686 2359 846 2438 fatorum
868 2378 906 2422 aa
928 2380 1022 2441 aeqao
1044 2360 1257 2426 detrectabant.
1294 2359 1422 2426 Similli-

207 2491 294 2533 mum
316 2467 420 2531 locum
444 2464 705 2550 Nigelsbaahius,
729 2464 839 2548 quiin
863 2465 942 2529 libro
965 2488 1034 2530 suo:
1060 2465 1130 2534 Lat.
1156 2465 1224 2531 Stil.
1247 2490 1277 2552 p.
1302 2467 1364 2531 340
1386 2467 1424 2530 de

208 2577 268 2639 hoc
290 2595 350 2637 usu
373 2571 525 2654 disputat,
551 2593 589 2634 ex
612 2570 753 2655 epistolis
776 2569 932 2635 Ciceronis
950 2572 1067 2650 attulit,
1085 2596 1159 2636 nam
1175 2573 1324 2638 Plancius
1342 2572 1427 2658 apud

210 2682 349 2747 Ciceron.
372 2678 448 2744 fam.
474 2679 524 2755 10,
550 2679 579 2755 8,
604 2680 623 2742 6
647 2677 789 2761 scripsit:
807 2679 1007 2758 provinciam
1036 2679 1159 2766 (liabeo)
1183 2681 1428 2761 paratissimam

208 2795 237 2852 et
257 2807 380 2852 εππππα
410 2785 597 2848 caricatioae
627 2784 670 2848 ad
693 2784 797 2866 officia
820 2789 998 2859 certantem
1022 2785 1203 2869 ibidemque
1227 2786 1324 2850 etiem
1348 2786 1428 2850 alios

209 2895 293 2958 locos
317 2895 498 2974 comperat;
527 2894 672 2954 accurate
706 2897 832 2973 practer
861 2891 947 2954 hunc
968 2890 1110 2954 Heraeus
1142 2892 1180 2954 de
1210 2892 1277 2957 loco
1300 2893 1428 2956 TacIteo

210 3001 285 3086 agit,
310 2998 414 3062 minus
436 2999 520 3060 recte
543 2995 689 3060 Handius
712 2997 746 3059 in
769 2997 859 3060 Turs.
884 2996 908 3074 I,
927 3021 956 3082 p.
977 2998 1054 3072 119;
1072 2997 1236 3062 Walchius
1259 2999 1292 3061 in
1309 2998 1428 3062 Emen-

210 3105 388 3171 dationibus
412 3101 554 3168 Liuianis
578 3125 608 3186 p.
632 3104 684 3181 24,
708 3101 808 3167 Pabst
831 3103 864 3165 in
888 3102 995 3188 Eclog.
1020 3103 1119 3169 Tacit.
1144 3127 1174 3188 p.
1193 3105 1256 3167 329
1273 3105 1327 3188 qui
1347 3106 1424 3169 «ad»

210 3235 267 3298 pra
295 3209 415 3294 «apud»
442 3191 510 3273 esse
532 3210 652 3289 volunt,
676 3213 712 3273 ut
734 3231 844 3273 sensus
868 3210 923 3274 sit:
948 3211 1098 3275 certaturi
1121 3210 1156 3273 in
1180 3211 1339 3294 obsequia.
1379 3210 1426 3276 cf.

210 3319 345 3401 denique
369 3315 471 3380 Greci,
496 3338 527 3399 p.
554 3317 594 3379 16
618 3316 651 3378 iu
674 3321 759 3381 nota.
785 3353 823 3363 -

299 3423 339 3490 A.
364 3421 419 3500 VI,
443 3423 495 3498 20,
520 3423 539 3484 3
562 3442 599 3484 aa
621 3423 693 3502 qais
716 3420 881 3486 Geminius
899 3422 1100 3505 prodipeatia
1123 3443 1215 3502 opaea
1238 3442 1275 3487 ao
1297 3419 1429 3486 mollitio

210 3533 292 3597 oitao
314 3530 478 3594 amicas
499 3526 611 3593 Seiano
638 3527 719 3592 aiiii
741 3529 797 3592 ad
819 3529 993 3607 seriam,
1016 3529 1069 3591 ubi
1095 3528 1295 3592 Waltherus:
1329 3526 1429 3592 «aiiii

212 3637 292 3720 qaod
314 3636 357 3700 ad
379 3636 497 3700 seriam
520 3640 678 3715 spectaret.
715 3634 768 3702 Sic
792 3634 908 3699 Graeci
925 3641 1046 3716 ponuat
1068 3632 1147 3717 πρός
1171 3655 1240 3698 cara
1262 3655 1372 3713 occas,
1395 3638 1430 3696 at

212 3743 353 3809 adverbii
375 3743 435 3807 loco
457 3742 528 3805 sa»
557 3777 591 3784 -
619 3739 659 3807 Α.
683 3739 739 3821 XI,
764 3742 815 3820 36,
842 3744 880 3804 12
899 3741 1034 3822 paritas
1056 3743 1242 3806 lasciviis
1272 3741 1328 3805 ad
1358 3757 1428 3804 aa·

207 3851 403 3931 manem
425 3854 462 3911 at
478 3847 673 3927 fastidia.
703 3884 746 3893 -
768 3847 810 3910 H.
839 3847 867 3925 l,
893 3847 953 3925 54,
980 3847 1019 3911 16
1047 3846 1192 3927 faciliore
1222 3848 1304 3911 iater
1332 3845 1429 3910 malos

213 3975 357 4022 coasarsa
380 3953 554 4020 adbellare
576 3956 725 4036 qaamia
743 3975 824 4035 pace
846 3955 889 4018 ad
911 3954 1113 4019 concordiam.
1152 3951 1270 4018 Tamen
1293 3975 1358 4018 non
1374 3974 1429 4016 ne-

214 4061 355 4148 gaverim
378 4061 529 4126 maiorem
552 4061 767 4144 exemplorum
791 4064 915 4143 partem
938 4081 1007 4123 eam
1035 4079 1158 4143 quoque
1187 4059 1428 4143 explicationem

215 4168 395 4246 admittere,
429 4172 466 4231 ut
499 4166 764 4251 praepositionem
795 4187 850 4250 pro
880 4164 986 4230 dativo
1016 4165 1169 4230 commodi
1196 4165 1333 4250 positam
1362 4185 1429 4226 esse

214 4275 433 4340 contendatur.
458 4311 501 4320 -
623 4341 626 4348 ,

302 4402 328 4443 c.
364 4377 442 4443 Cum
476 4379 552 4444 «ad»
583 4379 652 4443 loco
682 4377 925 4464 praepositionis
954 4374 1141 4441 secundum
1163 4384 1254 4456 esset,
1287 4376 1429 4442 derivata

214 4486 402 4572 significatio
434 4489 482 4550 est
513 4486 551 4549 de
585 4485 757 4550 accedendo
789 4484 829 4550 ad
858 4506 939 4562 rem,
970 4487 1006 4548 ut
1036 4505 1094 4546 nos
1117 4481 1263 4546 dicimus:
1296 4505 1337 4548 an
1359 4482 1428 4546 eine

216 4592 316 4658 Socha
338 4593 600 4669 hereukommen,
623 4590 844 4674 herangehen,
876 4611 948 4673 pro:
980 4588 1031 4651 ihr
1060 4587 1186 4652 chulioh
1218 4587 1295 4657 sein.
1341 4587 1430 4652 Haec
