3314 5274
732 322 946 390 ,50-

231 519 318 584 libris
342 539 406 583 non
430 521 522 584 esset.
548 516 702 582 Futurum
718 517 800 584 enirn
815 521 942 602 ternpus
964 516 1047 586 hane
1069 517 1261 585 sententiam
1284 517 1448 602 exprimit:

233 625 366 710 «(wenn
382 624 439 688 uir
454 624 498 690 sie
515 623 708 707 erwahneu),
732 647 771 688 zu
794 623 945 688 walchem
960 624 1074 688 Zweck
1089 625 1215 690 werden
1230 626 1287 689 wir
1302 625 1346 688 sie
1361 624 1448 688 dann
1639 691 1640 714 ,

229 732 430 809 erwiihnen,›
457 752 538 814 quae
555 730 695 814 proxime
711 731 832 795 accedit
854 731 894 794 ad
916 731 979 795 vim
997 731 1199 800 coniunctiri.
1224 729 1290 796 Nos
1313 731 1448 796 cundem

229 862 320 904 usum
336 839 370 902 in
385 837 663 905 exclamationibus
677 836 841 916 habemus,
864 837 973 921 quales
989 841 1078 903 sunt:
1106 837 1177 902 «ich
1193 838 1299 902 werde
1320 859 1354 902 so
1370 837 1447 902 uho-

228 946 312 1010 richt
334 945 412 1022 sein,
436 945 491 1008 das
511 943 680 1010 anthuni»
705 945 739 1008 in
762 945 876 1027 quibus
899 944 994 1009 etiam
1017 965 1075 1010 nos
1098 966 1162 1010 non
1178 943 1216 1008 de
1232 944 1340 1008 futuro
1364 950 1447 1008 tem-

229 1074 303 1138 pore
326 1052 379 1118 sed
402 1052 440 1116 de
463 1053 624 1137 praesenti
648 1053 840 1137 cogitamus,
864 1052 896 1118 h.
921 1073 946 1116 e.
970 1051 1023 1116 ich
1046 1051 1102 1116 bin
1124 1050 1214 1117 nicht
1237 1071 1272 1114 so
1294 1049 1446 1119 thtricht.

231 1197 268 1206 -
294 1159 383 1235 Quod
407 1158 447 1223 ad
471 1158 605 1223 alterum
629 1162 852 1242 argumentum
874 1156 1033 1222 Welfflim·
1056 1158 1184 1235 attinet,
1217 1158 1300 1240 quod
1322 1157 1356 1220 in
1378 1156 1447 1224 An·

227 1267 353 1330 nulibus
376 1265 505 1330 Tacitus
528 1286 652 1348 semper
673 1265 770 1330 dicat:
800 1261 982 1328 memorabo
1005 1268 1038 1327 et
1059 1259 1247 1350 memoravi,
1271 1285 1445 1347 numquam

226 1367 343 1458 plurali
365 1392 496 1436 numero
519 1374 637 1448 utatur,
660 1370 722 1436 hoc
744 1371 872 1435 concedi
895 1374 1010 1454 potest,
1035 1371 1062 1434 si
1084 1371 1300 1454 exceptionem
1315 1371 1348 1434 in
1365 1371 1444 1450 loco,

227 1482 265 1544 de
288 1500 350 1563 quo
373 1479 510 1563 agimus,
535 1477 629 1541 utin
651 1477 842 1562 digressione
865 1478 1041 1546 statuimus.
1081 1475 1247 1542 Praeterea
1269 1477 1336 1542 eins
1360 1477 1444 1540 modi

227 1585 462 1650 observationes
485 1584 669 1648 utilissimae
693 1583 819 1666 quidem
841 1587 925 1660 sunt,
958 1584 1012 1648 sed
1035 1605 1217 1666 numquam,
1248 1583 1309 1646 nisi
1331 1583 1359 1646 si
1381 1583 1444 1648 alia

226 1715 322 1756 causa
345 1691 473 1769 accedit,
497 1693 624 1754 tantum
645 1689 684 1754 iis
706 1689 918 1766 tribuendum,
941 1695 978 1754 ut
1000 1690 1190 1773 scripturam
1211 1689 1323 1754 codicis
1339 1693 1442 1754 mute·

226 1821 303 1864 mus.
338 1797 436 1876 (Nam
468 1796 552 1880 quod
582 1795 642 1862 hoc
665 1796 734 1862 loco
756 1796 853 1860 codex
881 1796 1080 1862 uumerubim
1102 1796 1245 1876 exhibet,
1278 1796 1330 1860 rix
1355 1797 1442 1862 uaria

226 1906 318 1970 lectio
341 1903 499 1968 nominari
522 1903 652 1987 potest.)
689 1901 761 1988 Ipse
792 1906 904 1966 autem·
925 1902 973 1967 vir
995 1903 1192 1968 doctissimus
1214 1903 1318 1976 locum
1341 1925 1380 1967 ex
1402 1904 1441 1970 Α.

225 2013 264 2090 V,
287 2014 337 2090 10,
362 2011 404 2075 20
420 2010 619 2092 desumptum
643 2009 787 2092 protulit,
810 2009 866 2072 ubi
881 2009 977 2075 verba
993 2010 1070 2074 sint:
1095 2031 1151 2075 uos
1175 2045 1215 2056 -
1239 2011 1443 2092 comperimus

225 2120 287 2185 Cur
310 2140 374 2184 non
398 2116 508 2181 eodem
531 2115 598 2180 iure
622 2115 665 2179 ibi
687 2115 789 2179 dicere
812 2115 934 2198 potuit:
959 2136 1018 2200 ego
1042 2152 1082 2162 —
1099 2115 1259 2200 comperi?
1281 2114 1441 2179 similiter·

225 2248 286 2310 que
310 2226 342 2288 in
366 2223 405 2288 A.
429 2222 471 2301 Π,
496 2223 548 2299 46,
573 2223 615 2286 33
637 2227 673 2286 ut
694 2222 878 2300 rettulimus,
902 2223 999 2285 verba
1022 2225 1106 2285 sunt.
1130 2220 1182 2286 Ita
1196 2222 1291 2286 etiarn
1313 2222 1348 2284 in
1362 2222 1437 2298 loco,

223 2334 262 2396 de
285 2353 348 2415 quo
371 2351 475 2396 sermo
499 2332 556 2406 est,
580 2327 686 2412 pergit
702 2349 771 2412 per:
795 2329 891 2407 notre,
915 2333 948 2393 ct
970 2329 1005 2392 in
1020 2352 1050 2395 v.
1069 2329 1109 2392 16
1132 2329 1228 2411 usque
1250 2328 1435 2402 tummsite-

223 2435 343 2504 bimus.
360 2473 397 2483 —
412 2435 506 2500 Nunc
522 2439 628 2499 autem
644 2435 815 2512 videamus,
838 2457 933 2518 quam
942 2433 1127 2500 Wiilfflinns
1150 2418 1309 2518 proponat
1330 2433 1435 2498 lectio·

222 2568 305 2614 nem.
329 2542 617 2630 Scribebatuenim:
640 2541 722 2608 dorm
743 2541 777 2607 ob
799 2542 872 2606 teme
894 2541 1016 2624 tmpus
1038 2543 1169 2608 decretu.
1195 2542 1281 2624 Quae
1304 2563 1374 2608 eum
1398 2540 1439 2606 ud

219 2656 313 2736 'tuem
334 2651 514 2728 mersorum,
544 2655 579 2714 ut
601 2650 782 2731 quicumque
803 2652 832 2714 et
854 2669 935 2731 qnae
957 2670 1034 2733 seq,
1058 2648 1256 2732 addiditque:
1291 2650 1350 2714 mit
1371 2648 1441 2714 aur

222 2758 426 2824 Tucr'ter'aclrer
447 2755 681 2838 mercturam
695 2756 752 2820 der
769 2757 986 2838 praeposrtiou
1008 2756 1158 2822 emmelim
1175 2775 1347 2838 pronomen
1370 2754 1442 2838 (od-

221 2865 411 2942 truttmunt
432 2863 616 2941 costuma,
649 2862 762 2945 auolop
785 2867 836 2942 14,
861 2865 907 2930 52
927 2883 1018 2945 quem
1040 2863 1084 2926 mi
1102 2863 1206 2944 [tuem.
1242 2858 1302 2926 Sed
1325 2883 1441 2946 prono·

223 2993 297 3036 rnen
322 2969 386 3034 ‹is›
411 2989 585 3063 numquam
600 2967 704 3032 locum
719 2967 914 3034 hebetante
937 2967 1203 3052 praepositionem
1219 2966 1303 3050 apud
1327 2989 1441 3032 aureae

227 3077 340 3142 aetatis
361 3075 536 3159 scriptores,
559 3073 687 3138 Tacitus
705 3094 769 3138 non
784 3073 846 3138 nisi
864 3073 898 3138 in
915 3073 1102 3157 quibusdam
1121 3072 1273 3151 formulis,
1287 3095 1368 3156 quae
1384 3095 1441 3159 per

224 3184 302 3248 alias
323 3180 570 3267 praepositiones
593 3182 863 3264 componuntur,¹)
877 3181 924 3246 ita
941 3181 1114 3258 collocavit,
1137 3201 1310 3263 numquam
1333 3183 1441 3244 autam

222 3290 328 3376 posuit
342 3308 517 3374 pronomen
534 3290 609 3352 ante
624 3286 891 3371 praepositionem
910 3288 989 3354 ‹ad›
1015 3287 1066 3370 (de
1081 3307 1144 3371 quo
1166 3285 1206 3349 ci.
1223 3309 1253 3370 p.
1272 3286 1338 3370 71),
1362 3287 1440 3370 quin

314 3534 334 3607 ι)
353 3535 386 3589 16
404 3534 437 3588 Α.
456 3532 505 3597 VI,
525 3534 566 3603 13,
584 3533 601 3586 3
619 3551 651 3589 eu
670 3533 702 3589 rte
719 3551 748 3589 rc
765 3541 875 3590 emotus
893 3533 1041 3590 murrum
1057 3533 1255 3603 postulaveram
1277 3533 1312 3587 H.
1330 3534 1379 3598 IV,
1396 3535 1439 3598 48,

223 3627 240 3680 2
258 3641 291 3682 cu
303 3625 335 3681 dc
347 3623 468 3680 66616-
481 3622 632 3692 supertiam,
651 3626 802 3692 quaesunt
820 3623 879 3679 sola
898 3621 1028 3693 exempla
1046 3621 1095 3678 ubi
1116 3622 1184 3678 ‹de›
1204 3623 1363 3692 pronomini
1382 3625 1438 3678 «is»

222 3713 413 3788 postponitur,
433 3712 464 3766 in
482 3711 604 3766 secundo
617 3711 747 3782 scriptori
765 3711 885 3768 formula
901 3712 965 3766 illa:
984 3728 1016 3767 m
1035 3712 1067 3768 dc
1078 3728 1106 3766 rc
1118 3712 1148 3766 in
1161 3710 1255 3768 animo
1274 3715 1343 3775 erat,
1360 3714 1440 3768 cuius

222 3822 257 3860 ex
280 3800 413 3872 analogia
438 3799 604 3855 vocabulum
627 3800 705 3856 ccede
727 3818 778 3871 pro
799 3818 827 3858 re
850 3800 1010 3866 substituis
1036 3799 1070 3858 cf.
1095 3800 1182 3854 ctiam
1199 3799 1232 3852 Δ.
1250 3798 1273 3864 Ι,
1292 3801 1317 3862 6,
1336 3801 1352 3855 3
1370 3801 1441 3855 nihil

222 3893 255 3947 de
272 3908 305 3947 m
322 3908 358 3946 re.
394 3887 531 3943 Similiter
549 3904 581 3942 eu
599 3905 680 3958 mper
696 3907 725 3944 re
742 3890 772 3944 in
784 3888 817 3944 A.
835 3890 884 3958 XI,
902 3889 944 3952 23,
962 3888 988 3954 4,
1008 3905 1071 3942 cum
1087 3903 1167 3956 mper
1183 3904 1216 3942 ca
1233 3904 1261 3943 re
1279 3888 1391 3959 legatur
1409 3889 1440 3944 in

221 3981 254 4034 A.
268 3980 315 4044 VI,
331 3977 497 4043 1,1;21‚9;
515 3976 690 4046 (quibuscum
705 3977 875 4033 conferenda
887 3981 967 4032 sunt:
985 3976 1017 4030 A.
1031 3975 1066 4040 Il,
1079 3977 1121 4040 35,
1139 3976 1157 4030 3
1174 3991 1256 4042 supa·
1272 3992 1301 4032 eo
1318 3977 1440 4048 metim

222 4067 271 4131 VI,
290 4067 333 4131 34,
350 4067 368 4119 4
386 4082 468 4136 super
484 4083 513 4120 eo
532 4067 663 4121 miraculo
668 4087 678 4134 ,-
695 4065 756 4130 XV,
774 4067 816 4129 36,
836 4067 851 4119 5
870 4081 952 4135 reaper
969 4081 1002 4120 ea
1018 4063 1199 4134 profectione).
1223 4064 1340 4120 Nullum
1359 4083 1441 4137 prae·

221 4159 300 4212 terea
318 4153 477 4224 exemplum
495 4153 640 4210 Taciteum
658 4157 831 4224 compartum
848 4155 952 4220 habeo,
974 4154 1023 4209 sed
1046 4152 1115 4210 satis
1132 4171 1268 4224 magnum
1286 4172 1440 4222 nnmerum,

222 4246 252 4303 iu
278 4244 379 4314 quibus
401 4259 553 4313 pronomen
575 4242 813 4313 praepositionem
840 4241 990 4312 sequtus
1016 4243 1049 4296 Η.
1068 4243 1118 4306 IV,
1136 4243 1179 4306 48,
1199 4246 1215 4299 7
1233 4243 1315 4300 misso
1334 4246 1364 4300 in
1382 4263 1441 4302 eam

222 4352 276 4390 rem
293 4335 395 4406 lepato5
420 4332 463 4396 50,
482 4333 498 4385 6
516 4333 548 4386 iu
565 4348 623 4387 coen
642 4333 748 4388 caedem
766 4333 912 4402 delapsum
934 4333 967 4386 Δ.
990 4332 1048 4397 XV,
1068 4333 1092 4396 5,
1112 4331 1129 4384 6
1146 4333 1177 4387 tu
1201 4348 1260 4386 eum
1281 4333 1440 4402 lapattoucm

107 4437 115 4454 ·
223 4419 351 4487 duretam
369 4419 401 4473 G.
420 4420 463 4484 29,
482 4420 511 4488 3;
535 4419 567 4472 Α.
586 4420 661 4484 ΧΙΠ,
681 4421 723 4484 51,
743 4419 774 4485 6;
802 4421 845 4483 36,
864 4420 912 4485 13,
938 4420 999 4484 XV,
1018 4421 1042 4482 5,
1061 4419 1090 4484 o;
1118 4421 1162 4487 45,
1180 4420 1212 4478 m
1232 4417 1307 4484 XVI,
1326 4421 1369 4485 35,
1387 4422 1404 4475 8
1423 4423 1440 4487 t

222 4508 253 4560 iu
271 4523 302 4560 eo
320 4513 440 4576 temporo
456 4514 540 4563 uatus
560 4525 595 4563 ee.
634 4507 772 4578 Exempla
798 4525 833 4566 ex
858 4507 978 4563 alionum
1002 4505 1241 4579 praepositionum
1266 4526 1319 4563 usu
1342 4509 1440 4580 augeri

222 4599 346 4664 possunt,
365 4597 414 4651 sed
432 4597 501 4652 haec
518 4597 576 4652 iam
595 4596 743 4652 sufficiant
930 4593 937 4600 ’
