3314 5274
638 365 857 429 „45-

128 561 189 624 tati
214 561 363 639 cuidam,
395 583 435 624 ne
458 560 561 626 dicam
585 560 718 626 inertiae
742 559 905 644 cogitandi
935 558 1104 624 tribuenda
1126 558 1263 639 videtur,
1295 582 1358 643 qua

129 667 262 732 interna
288 667 384 745 ratio,
419 689 498 752 quae
521 668 603 732 inter
626 668 770 734 notiones
792 666 967 732 intercedat
990 687 1133 750 quaeque
1155 667 1280 732 casibus
1303 688 1358 730 ex·

129 775 306 857 primenda
329 779 406 853 crat,
431 797 496 839 non
512 774 688 840 accuratius
711 774 908 859 perspicitur,
931 774 984 838 sed
1008 773 1125 838 auxilio
1150 773 1357 859 praepositio·

131 904 220 962 num,
248 903 334 965 qnae
357 887 520 948 externam
543 885 584 960 et,
608 884 644 944 ut
666 881 714 945 ita
729 882 841 958 dicam,
864 881 979 944 realem
1001 881 1188 944 relationem
1204 879 1357 956 indicant,

128 987 236 1072 logico
263 1009 409 1052 connexu
433 988 601 1052 notionum
624 988 735 1052 relicto
760 987 1006 1070 circumscriptio
1030 987 1218 1070 praefertur.
1253 986 1357 1062 Quare

132 1095 267 1159 dubium
292 1117 354 1158 non
378 1099 436 1173 est,
461 1094 539 1178 quin
560 1093 613 1158 hic
635 1116 712 1158 usus
735 1116 792 1178 pro
808 1093 1035 1177 depravatione
1057 1093 1188 1178 liuguae
1211 1093 1358 1158 habenda

132 1203 182 1279 sit,
208 1202 331 1286 quippe
355 1223 417 1284 quo
441 1224 460 1266 a
476 1201 680 1286 profundiore
697 1200 876 1286 cognitione
893 1199 1034 1278 rationis,
1060 1223 1141 1284 qnae
1157 1203 1241 1266 inter
1256 1201 1358 1264 notio-

133 1332 188 1374 nes
212 1313 370 1386 versatur,
395 1308 435 1372 ad
458 1312 622 1374 externam
645 1329 682 1374 ac
705 1309 854 1374 leviorem
877 1307 1094 1382 descendatur.
1130 1306 1232 1372 Simul
1255 1307 1358 1390 sequi-

134 1421 201 1494 tur,
238 1437 303 1499 quo
327 1415 451 1499 longius
474 1415 584 1499 lingua
608 1418 712 1480 aetate
736 1414 937 1499 processerit,
973 1414 1044 1497 plus
1067 1415 1220 1478 momenti
1243 1414 1359 1479 habere

136 1521 400 1606 praepositiones.
425 1519 536 1586 Multis
559 1520 623 1584 iam
646 1520 732 1600 locis,
758 1522 813 1604 qui
836 1520 1039 1600 antecedunt,
1064 1521 1102 1584 de
1125 1520 1186 1585 hoc
1208 1543 1267 1584 usu
1289 1541 1358 1584 mo-

135 1651 209 1693 nere
234 1627 321 1692 haud
346 1627 484 1692 alienum
506 1627 634 1706 fnisset,
666 1628 693 1692 si
724 1629 853 1694 omnino
885 1633 1029 1694 nostrum
1060 1629 1142 1691 esset
1172 1627 1210 1691 de
1237 1627 1358 1711 origine
1428 1647 1429 1652 ¹

137 1737 252 1800 talium
276 1735 471 1799 locutionum
496 1736 670 1818 disputare,
703 1757 789 1800 nuuc
813 1739 934 1814 autem,
967 1755 1038 1800 oum
1062 1735 1099 1798 de
1122 1757 1159 1801 eo
1182 1757 1241 1798 usn
1265 1757 1359 1820 prae·
1383 1752 1387 1762 ·

137 1841 303 1934 positionis
328 1842 406 1906 «ad»
433 1842 573 1906 dicturus
594 1843 668 1921 sim,
705 1843 759 1906 ubi
791 1839 930 1907 finalem
957 1837 1044 1928 vim,
1076 1841 1109 1909 h.
1134 1865 1160 1907 e.
1185 1843 1240 1906 ubi
1263 1842 1359 1906 finem

139 1951 200 2012 sive
226 1948 393 2014 consilinm
416 1949 545 2031 aliquod
568 1949 646 2034 peti,
678 1971 743 2014 non
767 1949 849 2014 effici
872 1953 968 2032 atque
991 1949 1168 2033 impetrari,
1193 1949 1358 2032 exprimat,

141 2056 166 2119 si
187 2056 334 2140 exempla
358 2057 598 2135 consideramus,
622 2057 726 2120 brevis
750 2057 806 2120 illa
829 2055 1006 2121 observatio
1023 2055 1257 2140 praemittenda
1280 2059 1357 2119 erat.

228 2185 254 2226 a.
279 2161 363 2226 Nam
386 2183 523 2246 magnus
549 2163 689 2228 locorum
720 2181 873 2228 numerus*
901 2162 1063 2226 iuvenitur
1094 2161 1178 2246 apud
1202 2162 1359 2240 Tacitum,

144 2271 195 2352 qni
218 2271 263 2334 ita
287 2270 461 2354 comparati
485 2273 569 2347 sunt,
593 2274 630 2334 ut
654 2270 845 2354 praepositio
868 2270 996 2353 quidem
1018 2269 1107 2334 finali
1131 2268 1162 2333 vi
1185 2270 1290 2352 posita
1309 2269 1359 2347 sit,

145 2379 247 2440 tamen
269 2379 306 2440 ut
324 2398 384 2460 pro
408 2376 543 2460 simplici
566 2376 673 2440 dativo
698 2378 848 2462 scriptam
871 2399 941 2440 eam
966 2399 1030 2442 esse
1053 2376 1294 2460 intellegamus,
1317 2377 1360 2440 si-

151 2483 270 2564 mulque
300 2483 501 2567 perspicuum
533 2483 589 2560 sit,
621 2483 751 2546 finalem
780 2483 869 2548 illam
900 2483 1165 2567 significationem
1195 2505 1234 2546 cx
1268 2483 1360 2546 locali

158 2586 295 2669 originem
318 2591 439 2658 ducere.
486 2588 569 2654 Nam
594 2589 777 2673 primariam
800 2591 834 2653 in
858 2590 908 2654 his
930 2590 1026 2654 fnisse
1049 2590 1133 2652 viam
1155 2589 1278 2652 dicendi
1293 2611 1360 2654 ore-

156 2691 271 2759 diderim
293 2697 447 2776 dativum,
471 2695 525 2779 qui
548 2699 679 2761 vocatur
702 2696 866 2760 commodi.
913 2697 993 2760 Tum
1022 2698 1148 2774 autem,
1181 2717 1251 2760 curn
1285 2699 1360 2759 ante

153 2801 244 2864 oeulos
269 2807 358 2882 esset,
383 2803 522 2888 vulgaris
548 2803 602 2868 ille
632 2825 725 2883 usus,
755 2824 832 2892 quo⁸
848 2803 940 2867 locali
971 2824 1067 2868 sensu
1097 2803 1289 2891 praepositio
1321 2804 1361 2867 ad

150 2907 270 2972 verbum
294 2911 468 2988 accedebat,
494 2911 571 2974 hacc
593 2911 684 2990 ratio,
709 2933 791 2993 quae
814 2909 914 2976 obiter
936 2913 1064 2974 tautum
1079 2911 1240 2974 internam
1256 2911 1361 2974 notio-

146 3034 216 3076 num
239 3017 428 3081 relationem
450 3018 566 3101 tangit,
590 3018 689 3081 valuit
716 3022 747 3082 et
775 3018 1008 3102 praepositione
1037 3017 1361 3081 circumscribebatur.

145 3119 269 3206 Semper
291 3123 325 3186 in
349 3125 425 3188 locis
448 3123 494 3188 ita
510 3125 702 3208 comparatis
723 3125 855 3208 simplex
872 3119 1128 3188 substantivum
1144 3126 1183 3189 ad
1200 3123 1360 3207 praeposi-

145 3229 261 3294 tionem
285 3230 429 3294 refertur.

229 3341 259 3401 a.
290 3336 366 3401 Post
387 3335 491 3400 verba
514 3337 702 3422 praepositio
726 3337 882 3420 sequitur:
909 3359 1044 3420 quornm
1066 3358 1104 3400 ea
1129 3357 1236 3402 rursus
1259 3335 1361 3420 primo

144 3442 208 3506 loco
231 3444 388 3528 ponimus,
412 3445 526 3528 quibus
549 3445 697 3508 movendi
721 3445 913 3529 significatio
937 3445 1034 3508 inest:
1064 3438 1230 3506 festinare
1260 3438 1303 3505 etl
1328 3443 1362 3505 in

145 3547 181 3612 Α.
205 3549 260 3626 XI,
284 3553 315 3630 2,
343 3553 382 3615 10
405 3554 477 3633 ipso
500 3553 542 3616 od
558 3554 735 3634 perniciem
756 3553 924 3635 Poppaeae
943 3554 1081 3634 festinat.
1121 3546 1256 3622 mittere
1276 3546 1362 3632 ad:¹)

145 3655 177 3717 in
200 3654 240 3720 H.
264 3656 290 3736 I,
316 3659 366 3736 10,
393 3658 434 3721 14
457 3658 561 3725 Titum
584 3661 627 3724 ad
649 3661 872 3725 cessationem
891 3659 1065 3742 cultamque
1080 3661 1147 3724 eius
1161 3660 1306 3737 miserat,
1321 3657 1361 3724 A.

145 3759 169 3840 Ι,
195 3766 244 3840 63,
264 3765 302 3826 17
321 3770 353 3828 61
370 3764 458 3845 XVI,
483 3767 512 3845 9,
538 3767 557 3829 6
582 3768 625 3831 od
647 3769 770 3832 cosdem
792 3768 897 3841 raissi;
912 3765 954 3845 H,
973 3767 1037 3844 6,1
1056 3767 1221 3832 adsensus
1239 3761 1363 3828 Gadia-

145 3891 231 3950 rcni;
252 3869 310 3950 HI,
329 3875 381 3954 60,
406 3875 425 3938 3
450 3873 492 3940 od
515 3875 762 3958 disquisitionem
778 3882 937 3956 patroni,
951 3873 1037 3953 XIV,
1055 3875 1105 3953 58,
1133 3875 1150 3936 7
1167 3873 1210 3937 cd
1224 3871 1362 3953 sociiis.²)

144 3974 359 4058 praemittere
384 3978 427 4043 ad
444 3982 479 4046 in
501 3980 542 4048 H.
566 3981 593 4062 I,
618 3984 669 4062 46,
695 3983 737 4047 25
761 3985 804 4049 ad
827 3984 956 4048 caedem.

147 4191 283 4246 simillimi
301 4194 332 4248 11.
358 4194 388 4248 in
407 4194 428 4248 l.
447 4195 495 4258 Vl,
514 4197 556 4260 55,
576 4195 607 4252 8:
626 4197 686 4260 XV,
706 4196 748 4260 24,
768 4197 784 4249 2
804 4199 833 4252 et
858 4195 977 4250 formula
1000 4195 1051 4250 illa
1069 4195 1100 4248 ia
1117 4193 1235 4257 modurn,
1254 4193 1289 4247 de
1309 4209 1364 4261 qua

147 4282 306 4338 v.infe1ius
325 4299 346 4337 e.
360 4283 395 4346 II,
409 4301 432 4337 c;
452 4282 492 4336 of.
505 4284 606 4354 Greef,
626 4303 654 4353 p.
673 4287 707 4338 32
727 4286 802 4340 etin
821 4286 875 4339 hac
894 4286 1004 4339 dissert.
1024 4284 1093 4350 all,
1108 4281 1268 4350 d.aliisque
1287 4281 1364 4336 locis.

234 4371 254 4440 ¹)
273 4371 314 4428 of.
329 4391 356 4442 p.
372 4374 411 4426 19.
425 4373 517 4426 Hand.
536 4374 569 4443 (I,
588 4392 616 4444 p.
637 4373 698 4442 115)
718 4375 792 4428 hunc
810 4392 890 4428 usum
908 4370 1125 4446 praepositionis
1147 4372 1364 4441 interpretatur:

145 4463 193 4527 fiir
210 4463 265 4518 ane
284 4463 369 4518 Socho
387 4465 524 4518 bcdimmt.

234 4548 255 4618 ²)
274 4547 393 4604 mittere
407 4549 452 4604 iu:
472 4555 506 4608 11.
525 4553 546 4618 I,
566 4555 608 4617 67,
628 4555 644 4608 6
662 4555 828 4623 stipendium
842 4554 957 4621 66616116
975 4551 1024 4616 IV,
1042 4553 1086 4616 48,
1106 4553 1193 4605 leam
1204 4568 1274 4618 rem,·
1293 4551 1364 4614 50,3

147 4655 229 4693 aecem
248 4641 374 4709 Pisonis;
393 4643 424 4696 A.
445 4643 505 4707 XII,
525 4645 566 4711 55,
587 4645 603 4696 6
622 4645 781 4698 subsidiani.
